2996 4640
785 475 803 499 l

873 539 980 575 ΜΒ.
1021 520 1076 590 Ι,
1117 539 1234 575 GAP.
1274 542 1338 590 v,
1382 523 1496 575 1-3.
2101 522 2170 574 21

191 687 421 761 cepisse.
500 691 550 743 2,
574 688 638 742 Si
671 690 798 760 quis
829 708 964 744 vero
991 690 1257 761 fatetur¹)
1281 696 1481 746 contra
1513 692 1782 764 obicienS,
1802 690 1838 761 2)
1872 693 2025 764 quod
2055 710 2172 746 non

198 784 502 856 oportebat
546 783 712 839 illum
762 784 952 857 loqui,
987 804 1115 840 cum
1147 788 1299 841 solus
1349 787 1535 842 adhuc
1574 787 1743 842 homo
1794 788 2067 844 existeret
2118 794 2175 843 et

196 880 353 934 Deus
384 880 578 935 omnia
611 881 735 935 sine
765 882 959 936 verbis
998 882 1248 937 archana
1279 888 1477 938 nostra
1508 884 1798 938 discernat
1823 885 2001 939 etiam
2034 891 2170 940 ante

193 995 366 1048 quam
385 995 504 1048 noe,
527 997 657 1033 cum
677 979 779 1032 illa
798 980 1121 1034 reverentia
1143 979 1386 1035 dicimus
1409 959 1629 1051 qua-uti
1650 987 1878 1053 oportet
1898 995 2026 1036 cum
2047 982 2117 1036 de
2136 980 2172 1051 3)

186 1079 384 1130 eterna
416 1074 718 1130 voluntate
760 1076 982 1148 aliquid
1022 1077 1366 1148 iudicamUS,
1410 1078 1565 1149 quod
1609 1078 1746 1133 licet
1784 1080 1940 1134 Deus
1972 1080 2165 1150 sciret,

182 1189 321 1243 ymo
353 1172 647 1245 presciret,
683 1173 837 1244 quod
867 1173 1020 1227 idem
1052 1179 1139 1228 est
1179 1179 1460 1245 quantum
1494 1174 1566 1228 ad
1599 1175 1809 1245 Deum,
1845 1176 2059 1247 absque
2090 1178 2174 1230 lo-

186 1268 424 1324 cutione
456 1276 800 1342 conceptum
831 1271 1009 1343 primi
1047 1271 1361 1342 loquentiS,
1407 1272 1593 1326 voluit
1637 1278 1833 1327 tamen
1879 1278 1936 1326 et
1981 1274 2174 1346 ipsum

183 1365 364 1437 loqui,
395 1372 462 1421 ut
492 1367 554 1420 in
587 1367 972 1439 explicatione
1005 1372 1166 1422 tante
1195 1367 1345 1422 dotis
1373 1368 1719 1439 gloriaretur
1750 1370 1872 1441 ipse
1907 1370 2006 1440 qui
2038 1390 2166 1441 gra-

183 1463 261 1518 tis
295 1461 612 1518 dotaverat.
653 1464 730 1518 Et
761 1463 888 1518 ideo
922 1464 1207 1519 divinitus
1238 1466 1300 1518 in
1332 1465 1500 1520 nobis
1533 1484 1653 1520 esse
1694 1466 2039 1520 credendum
2080 1474 2167 1521 est

184 1559 338 1632 quod
360 1564 494 1615 actu
513 1565 844 1616 nostrorum
865 1561 1178 1616 affectuum
1193 1560 1230 1632 ἃ)
1253 1563 1517 1616 ordinato
1541 1564 1802 1618 letamur.
1856 1565 1906 1617 3.
1937 1564 2012 1617 Et
2032 1564 2168 1619 hinc

315 1722 348 1756 1.
375 1721 420 1764 [T
436 1721 616 1762 samad.
717 1721 748 1754 Τ
774 1721 970 1756 οὸίιίοηεεε
994 1710 1138 1756 lezione
1160 1722 1228 1755 che
1266 1730 1332 1755 era
1354 1722 1457 1755 certo
1480 1722 1599 1755 anche
1621 1722 1662 1755 in
1687 1721 1744 1764 G3
1773 1732 1792 1755 e
1815 1722 1914 1756 della
1937 1723 2049 1765 quale
2073 1725 2093 1757 6
2116 1735 2170 1759 re-

179 1779 292 1814 siduo
314 1789 393 1813 una
423 1778 582 1813 lineetta
616 1788 763 1822 sempre
784 1779 859 1814 ben
881 1779 1083 1824 leggibfle,
1108 1781 1150 1814 in
1173 1781 1315 1823 quanto
1337 1781 1376 1815 16
1408 1782 1759 1824 rappresentazione
1781 1783 1922 1826 grafica
1945 1782 2089 1817 doveva
2112 1795 2170 1819 es-

152 1838 155 1839 ’
180 1842 262 1876 sere
297 1841 461 1876 abitioes.
487 1841 563 1876 Ora
597 1842 632 1875 ci
655 1842 748 1876 e’ha
770 1843 941 1885 obiciens,
965 1852 1034 1885 per
1054 1843 1121 1877 via
1142 1843 1182 1877 di
1203 1853 1355 1885 rasura,
1380 1843 1552 1886 ritocchi,
1578 1844 1813 1886 riserizione3
1840 1854 1861 1877 e
1884 1845 1919 1878 ci
1953 1846 1982 1878 s’
2000 1845 2049 1878 ha
2072 1846 2171 1879 forse

179 1910 248 1943 per
269 1910 384 1944 opera
406 1900 734 1935 dell‘amanuense
756 1903 895 1944 stesso3
917 1902 987 1936 6116
1004 1912 1082 1936 una
1104 1903 1208 1936 certa
1229 1902 1439 1937 filettatura
1460 1902 1546 1936 dell'
1560 1913 1590 1944 8,
1616 1912 1657 1936 se
1672 1913 1748 1937 non
1765 1903 1820 1947 gli
1843 1904 1863 1937 e
1886 1906 2076 1945 consueta,
2094 1914 2170 1938 non

178 1960 235 2004 gli
257 1960 279 1994 ὁ
294 1969 464 2003 neppure
482 1961 667 1995 estranea.
738 1963 771 1996 3.
797 1961 833 1995 G
851 1962 1052 1996 discernat.
1122 1963 1155 1996 4.
1182 1962 1217 1995 G
1241 1963 1458 1997 reverencia.
1528 1963 1609 1996 4-5.
1634 1961 1669 1996 G
1690 1963 1721 1995 T
1745 1972 1831 1996 eum
1855 1967 1991 1998 eterna.
2059 1966 2092 1998 8.
2120 1964 2168 2005 [G

182 2012 261 2062 ⁴13„
287 2019 563 2055 sottolineando
585 2021 841 2064 moriantur-L
947 2023 980 2055 9.
1006 2022 1038 2054 T
1063 2022 1372 2061 credeudendum‚
1395 2021 1590 2055 annullato
1612 2022 1673 2063 poi
1698 2021 1959 2064 doppiamente
1982 2025 2069 2064 nde,
2098 2033 2170 2057 con

178 2078 292 2122 punti
312 2088 335 2114 e
356 2089 428 2114 con
449 2089 501 2113 un
525 2079 643 2124 frego.
770 2083 825 2116 10.
851 2081 887 2116 G
903 2083 935 2115 T
960 2083 1166 2125 effectuum.
1282 2081 1314 2114 T
1339 2081 1522 2122 letamini,
1550 2081 1752 2123 [letamur-J.
1778 2081 1812 2114 N
1815 2082 1836 2114 6
1858 2081 1956 2115 altra
1974 2092 2070 2123 cosa,
2102 2092 2169 2124 por

177 2139 302 2172 traooe
333 2137 553 2180 manifeste,
580 2138 641 2172 sta
674 2139 775 2173 sotto
808 2139 846 2172 al
882 2140 1062 2181 letamur,
1089 2139 1157 2172 che
1181 2148 1264 2180 ora,
1289 2148 1357 2181 per
1389 2138 1518 2172 effetto
1553 2138 1592 2172 di
1614 2139 1888 2173 modificazioni
1911 2140 2011 2174 della
2033 2141 2168 2175 lettera

177 2197 404 2241 originaria,
430 2198 466 2232 61
488 2197 509 2230 e
532 2199 665 2234 offerto
689 2199 737 2233 da
760 2200 807 2234 G.

267 2326 304 2386 1)
321 2327 366 2372 Π
380 2326 578 2386 faretur
596 2327 676 2373 del
687 2328 765 2372 Tr.
778 2328 977 2387 (dice-sse
993 2327 1126 2373 nella

176 2401 440 2461 versione),
465 2401 674 2449 rimasto
707 2417 855 2448 senza
881 2401 1073 2459 effetto,
1102 2403 1127 2447 6

177 2490 276 2522 una
293 2476 573 2523 correzione
590 2477 943 2537 graficamente
970 2476 1126 2534 liscia,
1158 2539 1160 2542 y

175 2564 262 2596 ma
289 2565 388 2597 non
419 2552 719 2611 necessaria,
753 2552 936 2597 (1666116
968 2552 1017 2596 61
1047 2552 1128 2609 fa-

176 2627 308 2672 tetur
344 2625 442 2686 pub
495 2641 645 2673 senza
699 2626 935 2672 difficolt&
986 2625 1125 2671 attri-

175 2699 332 2745 buirsi
349 2700 384 2744 11
401 2693 547 2747 senso
574 2701 623 2746 di
639 2702 916 2761 profitetur,
948 2719 967 2741 ‹
985 2701 1126 2746 affer-

176 2788 286 2833 ma,
318 2774 538 2822 sostiene
573 2790 626 2833 »ς
665 2775 725 2822 ed
762 2776 918 2822 anche
960 2775 1127 2820 l'indi-

177 2849 342 2898 cativo
375 2850 402 2896 e
441 2851 922 2900 ammissibilissimo.
962 2854 988 2898 I
1019 2853 1125 2900 casi
1169 2911 1171 2913 Ι

177 2924 415 2985 analoghi
437 2925 518 2973 del
549 2941 656 2988 cap.
688 2941 742 2987 11,
768 2928 859 2974 che
886 2926 930 2974 ci
962 2927 1127 2974 danno

96 2995 98 2997 ’
174 2996 212 3045 11
243 2998 563 3057 congiuntivo
597 3000 758 3059 bensi,
804 3015 886 3047 ma
925 3000 974 3047 in
1016 3001 1125 3061 pari

176 3075 342 3132 tempo
361 3071 398 3118 il
419 3079 652 3133 presente
676 3077 738 3135 (si
760 3076 1006 3122 obiciatur
1031 3077 1124 3121 due

174 3146 324 3206 volte,
356 3149 400 3194 si
431 3152 605 3196 contra
651 3153 1040 3210 argumentetur,
1082 3153 1126 3197 si

176 3221 406 3283 dicatur),
430 3239 528 3271 non
554 3224 806 3271 risolvono
838 3225 989 3272 nulla.

265 3298 304 3358 ²)
335 3283 377 3344 Ε
401 3300 450 3344 61
475 3305 746 3346 correttore
779 3300 828 3345 di
853 3301 910 3359 G,
935 3301 1012 3346 sia
1043 3301 1126 3360 qui

177 3370 259 3417 chi
277 3371 323 3417 si
344 3373 505 3432 vuole,
529 3374 619 3422 che
643 3374 687 3420 ei
709 3375 835 3421 deve
862 3376 911 3422 la
936 3376 1125 3421 lezione

177 3444 362 3505 buona3
381 3447 565 3495 dacche
581 3448 617 3494 il
633 3450 712 3495 Tr.
730 3464 890 3497 aveva
901 3449 1125 3496 tradotto

177 3524 357 3568 cmntra
381 3524 424 3568 le
447 3525 731 3571 wbiecziwui.

263 3596 303 3656 3)
333 3597 390 3642 L'
406 3598 673 3645 omissione
712 3599 792 3646 del
832 3602 904 3658 de,
943 3600 1021 3646 cui
1061 3600 1124 3645 ri-

175 3669 338 3716 medio
353 3671 656 3718 traducendo
668 3672 706 3718 il
721 3674 817 3734 Tr„
829 3674 1122 3733 stampando

175 3743 211 3790 il
229 3744 383 3803 Oorb.,
403 3747 519 3791 sara
540 3753 790 3794 avvenuta
809 3749 990 3808 perche
1013 3765 1042 3794 a
1059 3764 1124 3794 un

150 3819 488 3866 'trascrittore
521 3822 730 3868 sbadato
761 3823 797 3868 il
829 3838 938 3869 cum
970 3838 1123 3883 parve

175 3893 514 3954 preposizione
541 3910 653 3943 esso
680 3901 856 3944 stesso.
882 3897 998 3943 Alla
1022 3912 1124 3943 ma-

175 3967 314 4014 niera
354 3968 627 4016 medesima
662 3986 771 4018 cum
801 3974 860 4018 de
890 3973 1124 4018 mediocri

178 4041 378 4101 divento
404 4058 512 4090 cum
541 4046 774 4092 mediocri
800 4047 864 4105 II,
891 4059 955 4105 1v,
985 4048 1008 4092 1
1042 4046 1122 4091 nel

176 4116 292 4162 solo·
309 4117 363 4163 Τ.

1303 2329 1341 2388 ⁴)
1373 2328 1514 2374 Oorb.
1543 2330 1638 2388 (Tr.
1667 2330 1726 2375 de
1751 2331 1768 2374 z·
1793 2333 1950 2376 nostri
1977 2331 2165 2391 affetti).

1213 2402 1258 2446 Il
1297 2402 1522 2462 Prompt,
1563 2419 1610 2462 p.
1650 2404 1730 2463 42,
1763 2405 2004 2450 vorrebbe
2031 2421 2166 2451 man-

1215 2481 1385 2522 tenere
1447 2478 1726 2537 effectuum,
1792 2478 2163 2538 immaginando

1216 2552 1306 2596 che
1362 2566 1512 2610 possa
1550 2552 1831 2612 significare
1872 2554 2157 2614 ‹facolta›;

1215 2624 1250 2669 il
1276 2625 1365 2670 che
1393 2626 1418 2670 e
1451 2625 1515 2671 da
1548 2627 1814 2673 escludere.
1846 2628 1887 2672 Ε
1928 2629 1991 2674 ad
2021 2630 2165 2687 affec-

1215 2699 1350 2743 tuum
1391 2698 1431 2743 ci
1470 2703 1615 2758 porta
1656 2701 1814 2746 anche
1862 2701 1894 2744 l’
1914 2703 2163 2748 ordinato.

1214 2772 1364 2818 Bensl
1421 2773 1631 2820 avviene
1688 2775 1776 2819 che
1832 2776 1961 2822 nelle
2011 2777 2166 2823 menti

1215 2865 1242 2894 e
1274 2852 1405 2902 sotto
1437 2849 1487 2895 la
1518 2864 1681 2910 penna
1717 2849 1847 2908 degl'
1872 2849 2054 2896 indotti
2088 2865 2161 2896 se-

1215 2938 1316 2982 gua
1349 2923 1634 2969 confusione
1667 2938 1693 2970 e
1726 2924 1947 2971 scambio
1978 2929 2056 2970 tra
2083 2926 2163 2982 af·

1213 2998 1371 3055 fectus
1396 2997 1458 3043 ed
1492 2998 1699 3056 effectus.
1734 2999 1812 3044 Da
1845 2998 1918 3043 cio
1944 3014 2009 3044 un
2040 2998 2162 3045 idio-

1213 3074 1363 3117 tismo
1405 3073 1562 3130 effetto
1608 3087 1695 3131 per
1742 3073 1923 3130 affetto,
1959 3073 2008 3118 di
2041 3073 2159 3119 cuii

1212 3146 1371 3192 nostri
1390 3146 1674 3193 vocabolari
1694 3147 1946 3193 adducono
1974 3147 2162 3207 esempi

1216 3220 1404 3280 (taluni,
1424 3219 1656 3280 tuttavia,
1676 3236 1704 3265 a
1722 3221 2017 3280 sproposito,
2044 3222 2162 3280 qual

1214 3293 1240 3337 ὸ
1261 3293 1422 3353 quello
1450 3293 1708 3339 attribuito
1728 3295 1777 3338 al
1795 3295 2048 3354 Borghini,
2073 3296 2159 3341 Di-

1213 3369 1381 3426 scorsi,
1407 3366 1502 3411 Fir.
1533 3367 1661 3426 1585,
1686 3367 1750 3423 ΙΙ,
1777 3368 1903 3428 321),
1942 3370 1987 3413 61
2014 3370 2158 3428 quale

1212 3444 1265 3489 fa
1292 3444 1536 3490 riscontro
1564 3446 1700 3491 l'ueo
1729 3446 1951 3505 inverso,
1985 3447 2102 3493 vivo
2132 3463 2157 3494 e

1214 3518 1392 3565 diffuso
1410 3534 1616 3578 sempre,
1629 3520 1678 3564 di
1689 3521 1866 3578 affetto,
1879 3521 2157 3580 affettuare,

1213 3610 1301 3654 per
1327 3595 1496 3653 effetto,
1530 3595 1798 3652 effettuare.
1817 3595 1891 3639 Ed
1919 3596 2075 3640 anche
2109 3596 2158 3641 la

1211 3669 1430 3714 fonetica
1454 3669 1702 3714 favorisce
1728 3669 1774 3713 lo
1810 3668 2048 3714 scambio:
2075 3670 2157 3714 nel

1213 3742 1369 3802 primo
1397 3757 1512 3788 caso
1540 3742 1663 3788 colle
1695 3742 1933 3787 tendenze
1966 3743 2155 3788 assimi-

1212 3817 1389 3875 latrici,
1421 3818 1503 3862 nel
1535 3816 1747 3862 secondo
1780 3817 1902 3861 colle
1935 3817 2154 3875 analogi-

1213 3893 1302 3938 che
1350 3906 1376 3936 6
1424 3891 1546 3936 60116
1599 3889 1871 3935 condizioni
1917 3891 2156 3949 peculiari

1213 3967 1326 4012 dell’
1344 3980 1367 4011 e
1409 3970 1556 4010 atono
1585 3964 1634 4008 di
1663 3963 1823 4023 prima
1853 3964 2045 4011 sillaba.
2071 3966 2153 4010 Ma

1212 4041 1300 4085 che
1328 4055 1358 4085 a
1382 4039 1559 4084 siffatti
1587 4037 1837 4098 idiotismi,
1865 4052 1890 4083 e
1923 4044 2154 4097 segnata-

1211 4120 1374 4162 mente
1402 4116 1451 4161 al
1490 4114 1667 4175 primo,
1701 4119 1900 4173 potesse
1942 4118 2153 4159 trascor-

2221 1078 2254 1128 ἴ)

2220 1567 2291 1619 10
