2996 4640
865 535 972 571 mn.
1012 518 1068 588 I,
1111 535 1228 572 CAP.
1268 535 1372 587 vn,
1411 518 1529 572 4-6.
2114 521 2184 574 29

207 705 382 759 quam
433 688 616 743 celum
673 689 942 762 sperabat
993 689 1361 743 adscendere:
1409 689 1743 760 intendens,
1783 690 2024 760 16661116,
2067 709 2183 744 666

205 802 444 856 equare,
495 785 595 839 sed
646 805 815 840 suum
866 805 1133 858 superare
1173 786 1492 841 Factorem.
1569 787 1620 840 5.
1655 786 1701 840 O
1745 787 1872 841 sine
1916 806 2184 842 mensura

205 879 512 937 clementia
546 881 772 936 celestis
810 883 1061 956 imperii!
1097 881 1240 945 Quis
1289 890 1520 955 patrum
1541 881 1574 953 ¹)
1606 889 1696 936 tot
1743 884 2051 939 sustineret
2100 885 2186 938 16-

201 977 388 1035 sultus
420 997 455 1033 a
485 978 649 1033 filio?
684 978 798 1033 Sed
841 998 1180 1051 exsurgens,
1227 998 1345 1034 non
1385 980 1584 1034 hostili
1605 978 1644 1049 62)
1677 982 1920 1051 scutica,
1955 981 2054 1035 sed
2086 1001 2180 1053 pa-

201 1080 393 1146 terna,
427 1081 486 1130 et
534 1077 676 1130 alias
699 1074 737 1146 ³)
776 1077 1111 1132 verberibus
1152 1082 1398 1147 assueta,
1444 1077 1816 1132 rebellantem
1860 1078 2044 1133 filium
2086 1080 2184 1152 pia

201 1174 580 1243 correctione,
635 1192 859 1229 necnon
908 1174 1291 1243 memorabili,
1344 1175 1666 1245 castigavit.
1783 1176 1832 1228 6.
1884 1175 2183 1246 Siquidem

201 1285 348 1340 pene
377 1272 570 1322 totum
598 1268 912 1323 humanum
941 1287 1123 1341 genus
1150 1270 1223 1324 ad
1247 1287 1390 1340 opus
1417 1269 1747 1340 iniquitatis
1780 1270 2008 1324 coierat.
2037 1272 2179 1325 Pars

197 1365 580 1437 imperabant,
617 1384 751 1437 pars
791 1365 1337 1436 architectabantur,
1367 1385 1501 1438 pars
1540 1385 1732 1422 muros
1772 1367 2178 1438 moliebantur,

339 1527 374 1562 1.
400 1525 450 1570 [Gr
468 1525 635 1568 *νὴπιος,
657 1525 706 1560 da
727 1526 876 1561 riferii-e
899 1537 923 1560 a
944 1527 1116 1570 insciae]
1162 1529 1195 1562 4.
1217 1527 1254 1561 Gr
1273 1527 1304 1561 Τ
1325 1527 1464 1562 hostil’.
1511 1529 1545 1561 5.
1563 1528 1598 1561 G
1618 1531 1762 1562 asueta.
1828 1529 1859 1562 6.
1879 1529 1912 1562 Τ
1930 1526 2182 1572 οόνεειὶοηωη,

197 1588 234 1624 G
255 1589 510 1624 cenationem.
579 1590 657 1624 7-8.
683 1589 719 1624 G
738 1590 1030 1634 ,psimperabant
1046 1599 1080 1635 ,ρ
1103 1589 1458 1625 sarchiteetabamtur
1467 1599 1663 1634 pemuroe,
1687 1590 1858 1634 [inserita
1871 1591 2114 1626 un'asticella
2130 1603 2183 1628 se-

193 1648 387 1692 parm-100
403 1649 500 1692 dopo
523 1649 552 1683 11
571 1659 625 1694 ‚pe
648 1649 711 1684 nel
730 1652 768 1684 1⁰
787 1659 808 1684 e
826 1652 865 1684 3⁰
882 1651 1003 1693 caso];
1027 1651 1058 1683 Τ
1073 1659 1106 1695 ‚p
1127 1650 1252 1684 sarchi
1274 1650 1515 1692 tentabantur,
1535 1660 1556 1684 e
1579 1650 1832 1686 debitamente
1855 1652 1977 1687 diviso
1994 1653 2024 1686 11
2046 1658 2160 1689 resto.

1234 1788 1326 1818 sun
1352 1773 1486 1819 aiuto
1519 1775 1620 1819 alla
1644 1789 1735 1820 sua
1767 1790 1919 1822 causa
1949 1777 2092 1824 viene
2119 1779 2182 1825 da

1233 1862 1298 1892 un
1318 1849 1565 1894 rationale
1584 1850 1622 1904 I,
1646 1862 1712 1907 lx,
1732 1852 1772 1909 1,
1797 1851 1886 1896 che
1910 1852 1984 1897 s'e
2002 1852 2183 1898 indotti

1234 1937 1264 1967 a
1293 1921 1481 1968 ritener
1519 1924 1688 1983 spurio
1728 1939 1815 1984 per
1845 1926 2043 1986 ragioni
2075 1943 2183 1987 spe·

190 1773 339 1839 faeie,
373 1787 472 1832 per
507 1788 717 1834 quam...
756 1775 1032 1821 L’erronea
1076 1775 1145 1821 in-

143 1881 154 1888 ·
191 1849 524 1908 terpunzione,
557 1850 607 1895 in
640 1854 875 1910 rapporto
907 1850 983 1896 col
1013 1850 1143 1909 pari-

190 1921 348 1969 menti
363 1937 569 1969 erroneo
577 1927 697 1970 haec
710 1925 817 1985 (cfr.
829 1924 1143 1985 l'apparato),

189 1996 247 2042 fu
269 1996 542 2044 rettificata
558 1997 641 2043 dal
656 1999 831 2059 Prata,
855 2014 880 2044 e
901 1999 1061 2046 l’haec
1083 1999 1140 2045 fu

190 2075 408 2119 oorretto
429 2071 483 2117 in
497 2074 586 2118 hoc
607 2072 690 2119 dal
706 2072 862 2130 Torri,
884 2073 1139 2120 coll'aiuto

192 2144 272 2191 del
293 2145 375 2192 Tr.

274 2219 314 2280 1)
334 2221 379 2266 ΙΙ
421 2220 562 2268 Gorb.
593 2224 841 2281 primum:
871 2238 960 2283 per
999 2237 1138 2269 mera

188 2293 570 2356 shadataggine,
611 2297 797 2343 dacche
825 2297 862 2343 il
888 2300 1050 2357 patrie,
1088 2297 1137 2343 di

189 2370 235 2417 G·
271 2385 373 2417 non
399 2375 586 2430 poteva
623 2373 879 2419 traviarlo.
921 2372 1136 2419 Guidato

130 2494 132 2496 ,
189 2444 274 2491 dal
295 2445 585 2493 trissiniano
606 2449 727 2506 qual
735 2449 916 2506 padre,
943 2447 980 2492 il
1000 2449 1137 2494 Frat.

187 2533 306 2578 pose
330 2517 418 2578 gia
449 2520 583 2565 nella
609 2523 676 2567 1.⁸
702 2521 780 2567 ed.
801 2524 962 2582 pater,
991 2521 1132 2567 rima-

187 2596 267 2639 sto
304 2593 388 2653 poi
428 2608 648 2654 sempre;
684 2611 766 2641 ma
806 2596 891 2654 gia
920 2595 957 2640 il
994 2595 1136 2641 Torri

187 2680 348 2715 aveva
373 2669 622 2715 avvertito
646 2671 736 2715 che
763 2690 783 2711 ι
807 2670 900 2716 Nei
921 2670 1134 2716 Ooddstr.

172 2755 214 2787 ·e
235 2741 294 2794 V.
308 2742 506 2802 leggesi
521 2743 656 2789 forse
673 2745 859 2804 meglio
871 2747 1080 2803 patrum
1095 2764 1133 2789 ι.

186 2815 292 2864 Ost}
313 2819 473 2870 anche
496 2819 720 2879 Pssomp'r,
746 2835 793 2879 p.
815 2820 889 2866 45.

268 2891 310 2952 ²)
326 2892 761 2940 L'abbreviazione
779 2894 860 2940 dei
877 2894 1035 2940 codici
1051 2895 1133 2940 da-

182 2964 335 3013 161666
359 2968 543 3028 hostile,
569 2969 660 3014 che
681 2983 780 3014 non
802 2969 858 3014 fu
884 2969 1057 3015 scritto
1081 2968 1133 3013 in

184 3036 424 3099 addietro,
457 3054 485 3087 e
517 3042 608 3087 6116
639 3056 738 3087 666
770 3042 988 3089 scrivere
1018 3057 1134 3102 nep-

182 3125 276 3172 pnr
296 3111 362 3172 ie,
382 3114 699 3162 considerato
722 3116 812 3162 che
837 3116 869 3161 l'
879 3116 974 3162 abl.
998 3116 1135 3176 degli

184 3188 433 3247 aggettivi
444 3189 496 3234 in
511 3192 585 3238 —is
599 3205 655 3236 -e
679 3191 706 3236 6
723 3191 771 3237 (11
786 3205 973 3249 norma,
987 3192 1132 3250 quale

183 3259 294 3309 dev’
308 3276 476 3310 essere
508 3266 720 3310 secondo
751 3266 798 3311 le
828 3267 1014 3326 regole‚
1047 3281 1133 3311 an·-

181 3334 318 3384 tione
356 3350 385 3384 6
428 3338 742 3396 medioevali,
783 3339 836 3385 in
874 3342 928 3386 ·—i
974 3342 1131 3386 anche

182 3409 316 3458 nella
336 3417 518 3459 nostra
542 3414 816 3460 tradizione
840 3415 1130 3461 manoscrit·

181 3486 314 3532 12„ss
336 3487 382 3534 61
399 3487 518 3534 badi
538 3503 675 3534 come
693 3504 756 3535 un
775 3489 994 3549 esempio
1017 3491 1130 3551 (me-

181 3562 443 3622 morabili),
461 3563 539 3608 col
556 3564 700 3622 quale
717 3564 1020 3610 riuscirebbe
1035 3581 1130 3625 pur

183 3640 352 3683 sti-ano
372 3637 409 3684 il
431 3637 670 3698 dissenso,
693 3639 799 3686 cisi
820 3640 946 3686 offra
963 3641 1129 3687 subito

179 3709 234 3755 in
260 3716 436 3770 questo
465 3713 735 3760 medesimo
767 3715 983 3774 periodo.
1014 3716 1128 3761 Del-

179 3784 214 3830 l'
236 3786 364 3832 altre
424 3787 803 3834 testimonianze
865 3790 1127 3849 segnalero

181 3860 535 3919 specialmente
571 3863 782 3923 vulgari,
813 3869 954 3910 tante
991 3865 1126 3911 volte

179 3933 412 3992 ripetuto.
433 3934 534 3981 Che
556 3950 611 3982 66
633 3929 905 3984 s'incontra
928 3954 995 3984 un
1024 3940 1127 3985 val-

180 4021 313 4067 9are‚
338 4023 451 4055 6666
475 4010 620 4056 stain
633 4025 734 4056 una
752 4011 949 4058 rubrica
968 4014 1051 4072 (II,
1069 4014 1124 4073 1),

97 4114 102 4121 -
182 4083 316 4131 66616.
345 4082 396 4128 la
426 4083 552 4130 dove
581 4082 621 4129 11
650 4099 740 4130 suo
769 4086 940 4131 effetto
967 4085 993 4131 ὲ
1017 4085 1122 4131 6616

184 4154 234 4201 di
245 4161 456 4202 mettere
473 4157 564 4202 l'-e
579 4157 631 4203 in
646 4159 778 4204 mala
793 4159 939 4206 vista..
957 4161 998 4205 E
1018 4174 1124 4205 nes·

1231 1995 1345 2041 ciali
1362 1997 1412 2041 al
1426 1997 1576 2056 luogo
1594 2012 1620 2043 e
1642 2014 1730 2058 per
1751 1999 1787 2044 il
1810 2001 2065 2048 confronto
2090 2017 2181 2047 666

1228 2073 1468 2117 rationali
1498 2073 1563 2130 II,
1597 2086 1651 2128 11,
1681 2075 1739 2132 4;
1777 2075 2041 2133 pressoche
2073 2092 2181 2122 nes·

1229 2160 1365 2203 sanc,
1393 2146 1587 2205 quando
1610 2162 1701 2205 pur
1727 2148 1770 2193 si
1793 2148 2005 2208 rispetti,
2032 2150 2095 2196 da
2116 2154 2183 2197 vi-

1227 2220 1347 2278 ride,
1390 2221 1429 2279 I,
1479 2234 1582 2280 xvr,
1624 2223 1666 2279 4,
1714 2222 1764 2266 in
1810 2228 1994 2281 quanto
2041 2225 2067 2269 e
2116 2224 2179 2270 da

1228 2294 1469 2352 prendere
1510 2295 1560 2340 di
1599 2296 1888 2355 preferenza
1926 2312 2063 2342 come
2106 2313 2178 2344 so-

1228 2369 1475 2428 stantivo;
1508 2370 1834 2427 scarsissimo‚
1868 2386 1955 2431 per
1986 2373 2032 2417 16
2065 2387 2177 2418 6611-

1227 2442 1407 2488 dizioni
1431 2444 1663 2502 grafiche,
1693 2444 1756 2490 da
1776 2460 1843 2490 un
1867 2447 2087 2492 natural’
2111 2447 2176 2506 II,

1225 2531 1289 2576 lv,
1326 2518 1353 2563 7
1385 2518 1435 2562 di
1476 2519 1521 2564 Gr
1559 2519 1617 2578 (Τ
1648 2522 1930 2580 naturalis).
1970 2522 2011 2565 E
2051 2536 2170 2567 sono

1226 2593 1400 2653 questi,
1427 2609 1480 2639 se
1506 2609 1606 2640 non
1627 2609 1752 2652 erro,
1785 2590 1805 2639 i
1842 2596 1936 2641 soli
1976 2596 2174 2655 esempi.

1222 2671 1320 2717 Per
1353 2675 1525 2716 contro
1558 2671 1597 2716 s’
1612 2671 1679 2716 ha
1704 2671 1793 2717 l'—i
1816 2672 1972 2717 anche
1994 2672 2044 2717 in
2072 2672 2176 2718 casi

1223 2745 1304 2790 nei
1334 2744 1468 2804 quali
1493 2746 1543 2790 le
1574 2745 1794 2791 teoriche
1821 2748 2174 2805 permettereb-

1223 2818 1341 2863 bero
1358 2818 1467 2864 l'-e:
1483 2821 1787 2878 perfectiori,
1813 2822 2038 2880 dulciori,
2065 2823 2104 2878 I,
2127 2835 2174 2880 x,

1222 2894 1269 2951 3;
1300 2894 1442 2952 pari,
1477 2895 1683 2954 impari,
1716 2895 1788 2953 ΙΙ,
1820 2909 1908 2955 x11,
1942 2896 1972 2940 4
2006 2910 2032 2940 e
2066 2909 2173 2955 1111,

1223 2967 1278 3026 63
1313 2968 1511 3027 decenti,
1537 2969 1602 3026 II,
1629 2981 1736 3027 xlv,
1770 2970 1811 3013 2.

1310 3043 1350 3102 3)
1385 3043 1528 3090 Alias
1558 3058 1658 3089 non
1698 3047 1836 3089 sente
1868 3043 2013 3088 alcun
2047 3042 2170 3088 biso-

1224 3133 1322 3176 gno
1356 3117 1434 3163 del
1459 3122 1764 3163 mutamento
1787 3117 1838 3161 in
1869 3117 1993 3175 aliis,
2024 3115 2173 3160 inflit-

1223 3192 1351 3251 togli
1382 3192 1466 3237 dal
1505 3191 1633 3238 Giul.
1666 3193 1775 3237 Non
1806 3191 1855 3236 lo
1887 3194 2040 3247 sente,
2073 3205 2170 3235 non

1224 3266 1433 3312 essendo
1455 3281 1574 3312 vero
1591 3281 1680 3324 per
1698 3265 1834 3310 nulla
1855 3265 1943 3309 che
1975 3284 1993 3305 ι
2013 3264 2058 3308 A
2073 3263 2169 3308 ben

1222 3339 1536 3386 considerare
1570 3344 1742 3399 queste
1774 3339 1943 3398 parole
1979 3357 1998 3379 »
2036 3337 2168 3396 quali

1221 3427 1341 3458 sono
1390 3433 1410 3454 e
1434 3428 1532 3458 non
1573 3427 1626 3458 se
1656 3427 1718 3457 ne
1756 3410 2003 3469 raccoglie
2035 3411 2165 3456 buon

1221 3489 1462 3531 costrutto
1491 3506 1530 3530 ι».
1554 3485 1620 3530 Di
1642 3499 1824 3545 pensar
1849 3485 1931 3544 qui
1957 3484 2057 3530 alla
2081 3499 2166 3543 pu·

1219 3559 1410 3605 nizione
1451 3559 1587 3619 degli
1620 3559 1786 3618 angeli
1816 3558 1991 3616 ribelli,
2028 3573 2164 3604 come

1217 3635 1255 3679 il
1272 3635 1398 3681 Giul.
1425 3635 1452 3681 6
1469 3640 1625 3681 tratto
1644 3651 1673 3681 a
1697 3636 1804 3681 fare
1822 3635 1904 3679 dal
1921 3649 2009 3679 suo
2036 3635 2162 3693 aliis,

1217 3723 1315 3754 non
1342 3710 1419 3755 c’e
1440 3711 1658 3756 davvero
1682 3708 1910 3767 maggior
1933 3713 2164 3768 opportu-

1216 3783 1322 3828 nita
1347 3784 1394 3828 di
1419 3785 1531 3843 quel
1556 3785 1644 3828 che
1668 3784 1713 3828 ci
1735 3784 1871 3829 fosse
1893 3783 1945 3828 la
1967 3782 2092 3828 dove
2117 3784 2162 3828 61

1218 3873 1378 3904 aveva
1394 3863 1602 3918 pensato
1619 3858 1656 3902 11
1674 3857 1900 3916 Gorb.(V.
1910 3872 1955 3915 p.
1967 3857 2058 3916 27).
2070 3856 2161 3902 Po-

1214 3933 1292 3977 tra
1308 3933 1407 3978 mai
1417 3931 1682 3978 chiamarsi
1695 3950 1713 3971 ‹<
1728 3931 1887 3974 sforza
1900 3933 2108 3988 paterna
2118 3948 2158 3987 ι,

1215 4009 1349 4055 66616
1380 4007 1561 4052 rivolta
1591 4020 1621 4050 a
1645 4016 1968 4062 ‚correggere,
1998 4002 2161 4060 quella

1214 4085 1342 4133 colla
1367 4082 1510 4143 quale
1542 4079 1768 4125 Lucifero
1796 4094 1821 4124 e
1846 4078 1864 4122 i
1897 4078 2160 4137 compagni

1217 4158 1324 4205 suoi
1348 4158 1524 4202 furono
1555 4153 1839 4214 precipitati
1867 4153 1918 4200 in
1949 4153 2157 4199 eterno?
