2996 4640
786 580 857 633 18
1447 593 1555 630 mn.
1597 576 1647 643 Ι,
1690 593 1808 630 est.
1852 594 1944 644 1v,
1984 577 2103 630 4-5.

781 758 867 805 est
893 750 1046 820 quod
1061 750 1282 823 primus
1302 749 1544 819 loquens
1565 748 1752 820 primo
1777 754 1835 802 eh
1852 752 1988 803 ante
2008 747 2202 804 omnia
2223 746 2463 803 dixisset.
2489 774 2512 799 e
2532 750 2689 805 Deus
2717 774 2760 804 ι.

782 851 832 902 5.
873 847 1074 902 Oritur
1106 856 1166 901 et,
1195 846 1290 900 hic
1320 846 1435 899 isba
1466 845 1705 916 questiO,
1740 864 1871 899 cum
1898 844 2145 899 dicimus
2174 845 2436 917 superius
2464 853 2569 919 per
2600 847 2759 903 viam

781 943 1173 1017 responsionis
1222 943 1513 998 hominem
1551 942 1805 1015 primum
1844 941 2022 997 fuisse
2060 942 2340 1013 locubum,
2373 942 2424 997 si
2462 944 2762 1016 responsio

783 1040 899 1096 fuit
931 1041 1004 1095 ad
1041 1040 1260 1095 Deum:
1294 1059 1459 1108 nam,
1493 1038 1541 1093 si
1583 1039 1657 1094 ad
1688 1038 1872 1094 Deum
1914 1038 2044 1108 fuir,
2070 1037 2105 1107 ¹)
2137 1038 2254 1093 iam
2282 1038 2576 1095 videretur
2607 1040 2758 1113 quod

696 1141 730 1193 5
781 1138 938 1193 Deus
975 1138 1203 1192 locutus
1241 1137 1549 1204 extitisset3
1603 1136 1754 1208 quod
1806 1141 2005 1190 contra
2045 1136 2306 1209 superius
2359 1136 2642 1210 prelibata
2680 1137 2762 1194 vi·

776 1237 945 1291 detur
983 1236 1298 1307 insurgere.
1318 1234 1412 1289 Ad
1444 1235 1597 1306 quod
1632 1233 1863 1306 quidem
1895 1233 2158 1305 dicimus,
2205 1233 2358 1305 quod
2390 1234 2536 1289 bene
2568 1234 2763 1307 potuit

919 1453 952 1485 4.
980 1451 1024 1491 T.
1052 1450 1090 1485 16
1107 1450 1229 1494 prima
1251 1449 1358 1484 volta
1391 1451 1553 1492 aduini,
1578 1449 1617 1483 16
1639 1449 1800 1484 soconda
1823 1451 1975 1484 adeum.

2113 1451 2190 1484 5-6.
2219 1448 2267 1493 [G
2285 1450 2370 1492 *B.‚
2395 1448 2446 1483 da
2468 1447 2636 1490 riferii-e,
2661 1457 2767 1486 come

773 1510 909 1546 risulta
927 1510 975 1545 (16
993 1520 1068 1544 nna
1086 1511 1177 1545 nota
1199 1509 1285 1545 dell’
1301 1510 1480 1551 edizione,
1506 1510 1542 1544 61
1567 1514 1695 1545 contra
1713 1511 1901 1554 prelibata
1923 1512 2069 1546 videtin·
2091 1511 2311 1555 imurqerd.

862 1647 898 1706 ¹)
924 1646 1110 1702 Questo
1134 1660 1285 1705 passo
1318 1644 1476 1690 riesce
1508 1644 1726 1691 6111161,ιί-

772 1725 997 1767 comente
1034 1735 1100 1765 un
1140 1734 1264 1780 poco
1304 1719 1638 1779 imbrogliato.
1678 1720 1722 1766 Il

771 1795 914 1843 Corb.
943 1797 991 1841 lo
1017 1793 1213 1854 stampe
1237 1810 1328 1841 con
1348 1793 1724 1854 interpunzione

770 1870 1206 1917 manifestamente
1231 1884 1452 1928 erronea,
1476 1870 1612 1915 ossia
1634 1885 1725 1915 con

767 1947 863 1993 due
879 1946 1021 2006 punti
1039 1945 1165 2005 dopo
1185 1947 1408 2004 locutum,
1433 1945 1451 1990 i
1473 1945 1607 2004 quali
1625 1960 1722 1990 mo-

767 2026 939 2067 strano
971 2035 1092 2067 aver
1117 2019 1219 2078 egli
1245 2034 1395 2079 preso
1434 2019 1470 2065 il
1495 2021 1539 2066 si
1579 2019 1630 2064 in
1661 2019 1725 2063 si-

765 2095 1003 2155 gnificato
1051 2094 1417 2153 interrogativo
1472 2109 1499 2140 e
1556 2093 1724 2139 credu-

765 2175 818 2216 to
844 2170 934 2215 che
975 2169 1025 2215 la
1064 2170 1288 2228 quaestio
1332 2169 1470 2215 fosse
1504 2173 1722 2228 appunto

763 2247 808 2291 si
843 2246 1098 2304 responsio
1133 2244 1235 2302 fuit
1270 2245 1339 2289 ad
1377 2243 1549 2301 Deum,
1590 2258 1723 2290 men-

764 2327 840 2366 tre
880 2335 941 2365 su
987 2318 1036 2364 di
1077 2317 1152 2364 6ἱὸ
1183 2333 1283 2363 non
1316 2317 1461 2364 c’era
1506 2318 1659 2377 luogo
1693 2334 1723 2363 a

764 2393 959 2449 dubbio,
996 2409 1094 2439 una
1135 2395 1276 2439 volta
1314 2393 1403 2438 che
1435 2393 1486 2438 16
1517 2392 1724 2451 prior-it&

763 2467 897 2514 della
943 2469 1106 2513 donna
1145 2467 1228 2513 nel
1268 2467 1466 2526 parlare
1508 2482 1595 2513 era
1638 2466 1722 2526 gie.

763 2547 898 2589 stata
924 2542 1124 2588 esclusa
1147 2540 1493 2588 recisamente.
1521 2541 1722 2588 Gattiva

762 2618 920 2666 anche
965 2615 1384 2674 l’interpunzione
1433 2614 1512 2660 del
1560 2615 1718 2670 Eram

762 2708 845 2738 ma
870 2691 921 2736 16
946 2704 1069 2735 vera
1092 2688 1267 2734 novitii
1299 2688 1598 2734 consistette
1624 2689 1723 2734 nel·

761 2767 917 2812 l’aver
937 2763 1038 2823 egli
1047 2761 1377 2822 raddoppiato
1395 2763 1431 2807 il
1442 2762 1598 2822 primo
1607 2764 1718 2822 fuit,

763 2838 1025 2887 scrivendo
1050 2839 1093 2884 si
1118 2839 1374 2896 responsio
1393 2838 1505 2896 fuit,
1528 2838 1629 2896 fuit
1654 2839 1722 2884 ad

766 2917 940 2973 Deum,
973 2913 1103 2959 611116
1142 2912 1332 2958 traccia
1371 2918 1609 2958 consueta.
1640 2912 1722 2958 del

762 2991 857 3049 Tr„
879 2990 970 3034 che
994 3002 1156 3034 aveva
1175 2987 1409 3045 tradotto‚
1430 3001 1483 3034 se
1501 2989 1720 3046 risposta

759 3066 834 3123 fu,
860 3065 1044 3110 devette
1070 3076 1224 3109 essere
1249 3076 1281 3106 a
1305 3063 1425 3108 Dz‘w.
1449 3061 1658 3107 Accetto
1683 3062 1721 3107 il

762 3137 1220 3198 raddoppiamento,
1230 3151 1313 3182 ma
1324 3136 1611 3195 interpunse
1622 3151 1721 3182 me-

763 3213 867 3272 glio
899 3213 937 3258 il
973 3211 1128 3270 'rm-ri,
1171 3211 1224 3256 in
1265 3216 1463 3271 quanto,
1505 3209 1717 3256 facendo

763 3286 962 3346 seguire
989 3286 1201 3331 locutum
1226 3284 1291 3330 da
1311 3300 1377 3330 nn
1398 3289 1550 3344 punto
1574 3298 1601 3329 e
1622 3283 1720 3329 vir-

763 3361 894 3420 gola,
933 3359 1060 3406 ἰ661ὸ
1098 3359 1182 3405 1161
1221 3358 1424 3419 periodo
1463 3358 1509 3404 le
1550 3359 1719 3418 parole

763 3434 925 3480 dianzi
951 3433 1120 3480 citato.
1148 3434 1313 3479 Messe
1339 3435 1386 3480 le
1412 3449 1525 3481 cose
1552 3451 1582 3480 a
1606 3450 1722 3495 que-

764 3515 845 3555 sta
884 3508 1120 3571 maniera‚
1158 3523 1257 3554 non
1297 3507 1443 3553 c'era
1482 3524 1628 3555 verso
1669 3509 1719 3554 di

763 3583 931 3643 capire
978 3597 1117 3628 come
1163 3582 1449 3628 c’entrasse
1491 3583 1527 3628 il
1574 3597 1721 3641 nam;

754 3657 881 3718 fpero
920 3657 956 3702 il
996 3657 1157 3703 Witte
1197 3656 1246 3702 10
1287 3657 1496 3716 surrogo
1534 3672 1625 3703 con
1662 3661 1718 3717 et,

765 3730 1070 3776 sfrondando
1099 3729 1150 3774 in
1183 3731 1291 3791 pari
1322 3736 1488 3792 tempo
1518 3730 1556 3776 il
1586 3736 1718 3777 testo

766 3806 846 3850 del
876 3806 976 3863 fuit
1004 3804 1356 3857 fratioelliam,
1389 3806 1479 3850 che
1510 3805 1548 3851 il
1579 3804 1721 3851 Torri

766 3885 929 3925 stesso
947 3894 1109 3925 aveva
1125 3880 1221 3925 ben
1237 3879 1371 3925 visto
1392 3886 1535 3940 poter
1551 3895 1719 3926 essere

767 3953 1061 3999 sottinteso:
1103 3954 1147 3998 si
1190 3956 1458 4012 responsio,
1505 3955 1606 4013 fuit
1651 3955 1720 4000 ad

765 4029 927 4074 Deum
935 4041 952 4082 ,·
976 4030 1021 4072 et
1041 4029 1087 4073 si
1109 4029 1177 4073 ad
1196 4029 1356 4073 Deum
1374 4028 1477 4086 fuit
1493 4042 1592 4073 666.
1611 4027 1667 4072 L'
1675 4030 1720 4073 et

764 4103 819 4146 fu
866 4101 1056 4146 accolto
1111 4100 1194 4146 dal
1244 4103 1379 4148 Frat.
1426 4102 1556 4147 nelle
1609 4101 1718 4147 edd.

766 4174 1043 4237 posteriori,
1087 4190 1236 4223 senza
1260 4176 1401 4223 voler
1441 4176 1718 4222 rinunziare

1815 1645 2034 1691 tuttavia
2065 1645 2113 1691 al
2142 1645 2246 1703 fuit
2281 1659 2371 1691 suo
2408 1643 2607 1705 proprio
2639 1659 2666 1692 e
2697 1643 2766 1692 61-

1815 1719 2236 1779 l’interpunzione
2284 1718 2333 1763 di
2382 1718 2570 1779 prima3
2621 1733 2649 1765 e
2697 1719 2768 1766 61-

1814 1795 1849 1839 1’
1866 1794 2084 1854 esempio
2123 1809 2212 1839 suo
2253 1793 2506 1840 s'attenne
2545 1793 2583 1840 il
2620 1793 2765 1852 Giul„

1816 1869 1957 1915 salvo
1975 1869 2007 1914 l’
2018 1884 2138 1915 aver
2158 1873 2352 1915 mutato
2373 1869 2424 1915 in
2447 1874 2601 1929 punto
2625 1884 2654 1917 e
2672 1870 2767 1917 vir-

1815 1945 1932 2004 gola
1962 1943 2361 2005 (lodevolmente,
2399 1948 2584 2004 quanto
2615 1959 2647 1991 6
2677 1943 2766 2006 lui)

1814 2020 1865 2064 16
1891 2018 2124 2079 semplice
2151 2018 2346 2078 virgola
2371 2018 2499 2078 dopo
2532 2021 2765 2078 quaestio.

1816 2120 1871 2128 -
1898 2094 2113 2149 Orbene;
2139 2093 2166 2139 e
2191 2097 2328 2139 certo
2360 2093 2451 2139 che
2484 2092 2594 2139 coll’
2610 2094 2657 2140 et
2686 2093 2766 2140 del

1814 2167 1988 2226 Witte,
2021 2167 2067 2213 si
2095 2166 2353 2227 raddoppi,
2387 2181 2416 2211 o
2446 2181 2545 2213 non
2582 2166 2628 2213 si
2655 2167 2767 2214 rad·

1814 2242 1963 2302 doppi
1994 2241 2032 2287 il
2054 2242 2167 2301 fuit,
2201 2241 2248 2287 16
2273 2256 2388 2288 6666
2420 2255 2627 2288 corrono
2657 2256 2766 2302 spe-

1813 2316 1927 2375 dite,
1957 2331 1984 2362 e
2009 2317 2100 2363 che
2126 2322 2257 2363 tutto
2281 2316 2317 2362 il
2340 2316 2520 2363 dubbio
2547 2315 2591 2364 si
2613 2316 2768 2364 ridur·

1812 2392 1964 2438 rebbe
1995 2408 2025 2437 6
2054 2392 2251 2451 vedere,
2279 2405 2332 2438 66
2368 2390 2558 2438 devono
2596 2404 2766 2438 essere

1812 2467 1940 2513 fatte
1965 2470 2228 2512 autonome
2249 2466 2296 2512 le
2313 2465 2485 2526 parole
2501 2466 2546 2512 si
2565 2478 2766 2524 respon·

1811 2543 1885 2588 sio
1933 2540 2079 2603 [fuit],
2126 2541 2227 2600 fuit
2274 2541 2342 2587 ad
2387 2539 2547 2587 Deum
2589 2538 2764 2602 (morri,

1812 2616 2005 2675 Witte),
2032 2629 2217 2675 oppure
2240 2614 2414 2661 invece
2437 2614 2607 2660 Oritur
2625 2616 2670 2661 et
2688 2615 2767 2660 hic

1811 2693 1909 2737 ista
1941 2691 2159 2750 quaestio
2192 2689 2375 2750 (einh).
2401 2689 2486 2735 Ma,
2507 2688 2558 2736 io
2583 2688 2665 2735 mi'
2683 2687 2767 2735 do-

1811 2765 2003 2824 mando,
2038 2780 2092 2812 se
2133 2764 2179 2810 ci
2211 2763 2288 2810 sia
2312 2763 2349 2809 il
2381 2762 2554 2810 dir-itio
2584 2762 2635 2809 di
2658 2777 2767 2810 666-

1813 2838 1945 2883 ciare
1977 2853 2007 2882 6
2038 2843 2214 2897 questo
2257 2838 2401 2884 modo
2431 2837 2469 2883 il
2497 2852 2636 2896 nam,
2675 2851 2767 2899 per
2805 2881 2813 2887 .

1810 2917 2020 2958 mettere
2046 2913 2095 2957 al
2121 2927 2210 2958 suo
2234 2916 2380 2972 posto
2412 2912 2648 2972 qualcosa.
2672 2912 2764 2959 che

1810 3001 1908 3032 non
1930 2986 2002 3046 gli
2019 2985 2338 3046 rassomiglia
2359 3001 2449 3046 per
2469 2986 2606 3032 nulla
2623 3001 2651 3033 6
2671 2987 2762 3034 6116

1810 3075 1908 3106 non
1934 3060 1978 3106 si
2002 3060 2162 3106 rieece
2189 3076 2219 3106 6
2245 3059 2599 3121 comprendere
2626 3075 2762 3107 come

1811 3135 2028 3181 diamine
2061 3135 2299 3181 dovrebb’
2315 3148 2484 3182 essere
2517 3135 2761 3196 emigrato

1811 3210 1912 3256 6116
1949 3225 2042 3256 sua
2081 3210 2232 3255 volta.
2269 3209 2314 3254 Il
2345 3208 2517 3255 diritto
2545 3224 2646 3256 non
2679 3223 2762 3270 po-

1810 3282 2173 3331 trebb'esserci
2210 3282 2262 3328 di
2306 3283 2470 3329 sicuro
2511 3283 2639 3329 altro
2670 3273 2762 3330 che

1809 3359 1891 3405 nel
1917 3373 2033 3404 caso
2066 3357 2117 3403 di
2141 3356 2224 3403 un’
2240 3358 2464 3404 assoluta
2493 3357 2760 3405 necessiffi.

1810 3434 1981 3480 Gotale
2012 3431 2262 3478 necessit&
2292 3446 2390 3478 non
2420 3431 2488 3477 mi
2519 3447 2639 3492 pare
2669 3433 2760 3479 che

1810 3504 1855 3551 ci
1894 3505 1983 3563 sia,
2014 3503 2326 3551 rinscendosi
2363 3518 2486 3564 pure
2517 3519 2548 3550 6
2579 3519 2759 3551 cavare

1810 3595 1875 3625 un
1893 3593 2039 3625 senso
2054 3577 2258 3637 ragione
2265 3578 2375 3624 vole
2389 3579 2545 3625 anche
2555 3579 2760 3626 16661611-

1810 3655 1872 3700 do
1900 3654 1946 3700 le
1971 3668 2084 3700 cose
2109 3652 2243 3712 quali
2266 3668 2402 3699 sono.
2428 3654 2592 3701 Dante
2614 3654 2759 3702 viene

1810 3745 1841 3775 a
1858 3728 1983 3774 dire:
2011 3748 2031 3769 α
2054 3727 2147 3783 Qui
2163 3742 2313 3773 nasce
2336 3727 2634 3787 quest’altra
2650 3743 2760 3789 que-

1810 3803 1984 3858 stione,
2017 3802 2211 3862 quando
2242 3801 2324 3847 noi
2357 3801 2568 3848 diciamo
2600 3802 2653 3848 di
2681 3817 2758 3849 so·

1807 3893 1899 3938 pra
1925 3878 2015 3923 che
2044 3877 2078 3921 l’
2094 3891 2238 3922 uomo
2271 3876 2419 3922 abbia
2450 3877 2644 3936 parlasso
2668 3890 2758 3937 per

1809 3953 1892 3999 via
1925 3951 1977 3997 di
2016 3952 2248 4011 risposta,
2281 3957 2426 4012 posto
2465 3952 2556 3999 che
2594 3951 2644 3997 in
2682 3952 2756 3998 tal
2795 3993 2798 3994 γ

1810 4042 1925 4073 6666
1965 4027 2017 4072 la
2054 4025 2273 4085 risposta
2317 4026 2504 4072 dovett'
2519 4040 2687 4072 essere
2725 4041 2756 4072 6

1807 4101 1902 4147 Dio
1930 4120 1969 4147 ο.
2001 4101 2063 4147 Se
2094 4100 2132 4145 il
2162 4099 2384 4146 discorso
2415 4115 2515 4145 non
2543 4099 2755 4160 procede

1809 4175 1981 4234 suello,
2013 4173 2059 4220 si
2097 4188 2254 4234 regge
2291 4188 2319 4219 e
2358 4173 2613 4222 cammina.
2651 4173 2754 4225 Che
