2996 4640
688 1618 758 1671 10

803 567 841 622 8
1478 582 1585 619 mn.
1628 564 1687 627 Ι,
1733 580 1852 618 ou.
1893 580 1962 633 11,
2002 563 2116 617 2-3.

804 741 1017 796 etenim
1048 738 1458 813 perspicaciter
1480 736 1517 806 ¹)
1557 736 1985 793 consideramus
2005 732 2068 807 ’),
2103 734 2267 808 quid,
2302 753 2434 792 cum
2464 735 2781 809 loquimur,

802 836 1193 906 intendamus,
1241 840 1406 911 patet
1453 834 1607 907 quod
1650 834 1833 889 nichil
1881 832 2064 904 aliud,
2109 851 2283 906 quam
2332 837 2527 890 nostre
2573 833 2785 891 mentis

802 917 1100 990 enucleare
1133 933 1262 989 aliis
1301 937 1659 1006 conceptum.
1694 931 1840 986 Cum
1891 931 2074 1004 igitur
2119 930 2314 1003 angeli
2343 930 2419 986 ad
2447 929 2785 1004 pandendae

802 1033 1081 1105 gloriosas
1114 1049 1309 1086 eorum
1350 1029 1754 1103 conceptiones
1792 1027 2046 1083 habeant
2088 1027 2578 1102 promptissimam
2609 1031 2784 1101 atque

802 1129 1156 1186 ineffabilem
1189 1127 1595 1185 sufficientiam
1625 1125 1979 1197 intellectus,
2015 1144 2130 1198 qua
2167 1125 2261 1182 vel
2306 1125 2452 1181 alter
2491 1125 2658 1181 alteri
2695 1129 2783 1181 to·
2859 1176 2867 1210 ἲ

802 1228 998 1284 taliter
1024 1227 1336 1283 innotescit
1361 1245 1465 1300 per
1497 1245 1577 1297 se,
1605 1225 1699 1282 vel
1739 1224 1933 1280 saltim
1977 1242 2080 1297 per
2117 1221 2262 1279 illud
2294 1222 2784 1295 fulgentissimum

802 1326 1098 1399 speculum
1129 1327 1192 1381 in
1225 1343 1337 1397 quo
1371 1323 1566 1381 cuncti
1596 1327 2067 1396 representantur
2095 1320 2428 1394 pulcerrimi
2458 1324 2632 1394 atque
2663 1320 2784 1379 avi-

801 1423 1026 1479 dissimi
1064 1424 1449 1495 speculantur,
1483 1421 1644 1477 nullo
1676 1421 1844 1492 signo
1882 1419 2192 1476 locutionis
2233 1419 2552 1492 indiguisse
2589 1417 2789 1511 viden-

801 1526 911 1576 tur.
989 1523 1040 1575 3.
1074 1521 1150 1575 Et
1177 1521 1226 1575 si
1258 1520 1545 1575 obiciatur
1576 1518 1646 1573 de
1677 1517 1790 1573 hiis
1812 1515 1850 1587 8)
1881 1517 1981 1590 qui
2021 1521 2359 1574 corruerunt
2380 1515 2418 1587 ⁴)
2461 1515 2784 1591 spiritibuS,

803 1618 1112 1691 dupliciter
1150 1617 1485 1691 responderi
1517 1621 1725 1690 potest.
1758 1616 1981 1686 Prim0,
2025 1615 2177 1687 quod
2209 1634 2342 1671 cum
2373 1613 2442 1670 de
2470 1613 2585 1671 hiis
2605 1610 2644 1685 ⁸)
2675 1631 2789 1689 que

802 1717 1122 1771 necessaria
1154 1720 1289 1771 sunt
1329 1715 1402 1770 ad
1439 1716 1586 1771 bene
1626 1733 1748 1770 esse
1789 1719 2120 1783 tractamuS,
2173 1731 2268 1768 eos
2300 1711 2582 1786 preterire
2620 1710 2792 1770 debe-

802 1833 951 1885 mus,
987 1833 1116 1869 cum
1157 1814 1416 1869 divinam
1457 1831 1653 1868 curam
1674 1809 1711 1883 6)
1751 1812 2009 1892 perversi
2049 1815 2352 1882 expectare
2398 1810 2725 1869 noluerunt.
2749 1805 2791 1880 ⁷)

800 1912 905 1967 Vel
929 1909 967 1982 ⁸)
998 1911 1247 1967 secundo
1281 1917 1338 1966 et
1370 1911 1606 1982 meliuS,
1641 1910 1795 1984 quod
1840 1910 1954 1983 ipsi
1999 1908 2267 1964 demones
2308 1908 2382 1964 ad
2420 1906 2792 1964 manifestan-

947 2121 980 2155 1.
1007 2120 1039 2153 T
1063 2129 1085 2154 c
1104 2118 1151 2161 G,
1170 2118 1516 2153 abbreviatamente
1535 2117 1564 2151 11
1586 2118 1721 2160 primo,
1753 2117 2020 2152 distesamente
2041 2117 2072 2151 11
2094 2117 2265 2160 secondo,
2298 2118 2484 2161 proemio-3
2518 2118 2568 2163 [G
2589 2118 2792 2164 ponpa-J.

801 2183 833 2216 3.
860 2182 892 2215 T
907 2181 1134 2224 pandendae
1141 2195 1154 2220 ,-
1176 2190 1197 2214 e
1214 2179 1293 2213 cosi
1312 2179 1366 2212 mi
1383 2188 1475 2222 pare
1494 2178 1527 2212 si
1551 2177 1654 2212 fosse
1676 2178 1800 2221 prima
1817 2178 1950 2213 scritto
1970 2178 2089 2212 anche
2104 2177 2146 2211 in
2168 2177 2216 2212 G.
2290 2180 2322 2213 6.
2350 2177 2399 2222 [G
2415 2178 2578 2222 saltem}
2647 2179 2682 2214 7.
2703 2178 2740 2215 G
2757 2179 2792 2215 T

796 2241 1009 2282 pulcer-imi.

1080 2243 1114 2275 9.
1140 2240 1174 2273 G
1195 2240 1227 2273 Τ
1251 2236 1413 2273 corrue?
1484 2239 1539 2273 10.
1562 2238 1597 2272 G
1618 2238 1650 2271 Τ
1669 2238 1739 2272 72:0¹3.
1810 2239 1865 2272 12.
1892 2238 1927 2272 G
1945 2238 2169 2278 uoluerunt‚·
2189 2247 2210 2272 e
2228 2247 2299 2272 uo-
2320 2247 2390 2280 par
2410 2237 2507 2272 bene
2529 2237 2655 2274 aversi
2673 2238 2793 2274 mohs

800 2299 840 2332 in
862 2299 907 2341 Τ,
927 2299 1153 2333 nonostante
1168 2298 1238 2332 che
1261 2297 1474 2332 annebbino
1497 2307 1550 2331 un
1574 2307 1666 2340 poco
1698 2297 1734 2331 le
1753 2307 1838 2332 cose
1855 2298 1880 2332 l’
1898 2297 2105 2332 inchiostro
2138 2297 2318 2341 alquanto
2340 2298 2490 2334 svanito
2506 2308 2529 2334 e
2549 2298 2590 2334 la
2610 2299 2716 2336 carta
2730 2299 2791 2336 in-

800 2357 996 2392 sudiciata.
1090 2358 1144 2391 13.
1170 2356 1206 2391 G
1224 2357 1256 2391 T
1275 2360 1319 2391 ut
1336 2356 1373 2390 a]
1391 2357 1500 2400 posto
1518 2356 1558 2391 di
1576 2357 1643 2392 vel.

893 2476 931 2537 1)
961 2477 1321 2535 Perspicacz'ter
1336 2475 1494 2522 anche
1512 2476 1577 2536 V;
1596 2478 1753 2524 smttil-

800 2553 957 2598 mente
982 2550 1018 2596 il
1044 2550 1123 2596 Tr.

897 2627 933 2686 ²)
967 2627 1011 2671 Il
1028 2625 1156 2672 GiuL
1175 2627 1551 2685 consideremus,
1572 2625 1753 2673 disdet-

798 2706 851 2748 to
877 2701 961 2762 poi
983 2700 1114 2746 nelle
1142 2700 1426 2747 correzioni.

886 2777 924 2837 3)
958 2774 1129 2822 Maffei
1155 2789 1181 2820 e
1203 2773 1473 2835 posteriori
1495 2777 1572 2821 iis.

886 2852 926 2911 ⁴)
955 2848 1402 2896 L’abbreviazione
1434 2848 1515 2894 dei
1550 2848 1641 2895 due
1674 2863 1751 2894 co-

799 2924 897 2971 dici
924 2924 987 2969 da
1010 2923 1161 2982 luogo
1187 2938 1219 2969 a
1242 2938 1340 2968 una
1365 2923 1496 2969 lieve
1523 2922 1751 2969 dubbiez-

797 3016 868 3046 za.
905 2999 1229 3055 Gor-ruerunt,
1281 3013 1309 3044 o
1358 2998 1620 3045 corruere?
1667 2999 1751 3044 Ma

798 3074 1011 3121 siccome
1037 3072 1099 3118 ne
1129 3072 1181 3118 in
1221 3072 1263 3119 G
1301 3072 1364 3118 ne
1405 3072 1456 3118 in
1496 3073 1536 3118 T
1575 3072 1640 3118 ho
1667 3088 1751 3119 av-

797 3147 982 3195 vertito
1015 3146 1120 3193 casi
1168 3145 1221 3191 in
1272 3145 1351 3191 cui
1392 3145 1428 3190 il
1459 3160 1616 3205 segno
1659 3148 1750 3194 che

798 3220 882 3281 qui
913 3220 1143 3267 abbiamo
1170 3219 1270 3267 stia
1295 3235 1385 3281 per
1415 3235 1482 3266 un
1514 3223 1749 3283 semplice

797 3310 820 3341 e
846 3294 1008 3353 finale,
1037 3309 1064 3340 e
1089 3293 1264 3354 poiche
1292 3294 1331 3353 I,
1365 3305 1432 3352 Vl,
1459 3293 1487 3338 5
1513 3308 1539 3339 e
1566 3293 1610 3339 G
1641 3307 1667 3339 e
1709 3294 1749 3338 T

796 3369 960 3415 hanno
999 3368 1231 3427 fabrica?
1270 3382 1359 3427 per
1404 3366 1745 3427 fabricarunt,

796 3443 864 3488 mi
885 3442 1073 3489 risolvo
1114 3456 1203 3502 per
1243 3444 1563 3501 corruerunt,
1599 3456 1750 3487 nono-

797 3521 963 3563 stante
1004 3517 1095 3562 che
1134 3516 1171 3561 il
1218 3529 1461 3574 corruere,
1518 3514 1747 3562 adottato

796 3591 879 3637 dal
904 3590 1059 3648 Gorb„
1086 3589 1170 3635 dia
1189 3587 1388 3648 miglior
1414 3603 1583 3635 suono.

883 3665 920 3724 ⁵)
951 3666 1040 3723 his,
1066 3678 1202 3710 come
1224 3663 1242 3708 i
1263 3662 1433 3723 codici,
1460 3663 1509 3709 le
1535 3662 1643 3710 edd.

882 3738 921 3798 ὅ)
960 3757 979 3779 ι
1133 3753 1188 3784 se
1235 3737 1321 3798 gia
1375 3753 1475 3784 non
1527 3740 1748 3799 vogliasi

794 3810 997 3869 leggere
1024 3812 1179 3857 lucem
1203 3826 1231 3856 o
1263 3813 1483 3871 qratiam
1507 3833 1545 3872 ι,
1574 3814 1682 3860 dice
1709 3815 1746 3861 il

797 3884 943 3942 Ginl.;
982 3899 1008 3930 e
1053 3885 1317 3932 volentieri
1356 3887 1400 3932 si
1441 3888 1744 3948 leggerebbe

794 3958 909 4012 cosi,
939 3973 993 4003 se
1017 3959 1224 4018 leggere
1258 3961 1300 4006 si
1341 3967 1554 4023 potesse.
1581 3964 1626 4010 Il
1666 3979 1744 4011 cu-

791 4046 903 4078 ram
930 4033 979 4078 di
1011 4039 1146 4080 certo
1177 4051 1275 4081 non
1309 4036 1335 4082 ὁ
1374 4037 1605 4098 limpido;
1646 4055 1672 4086 e
1715 4056 1745 4087 a

790 4106 1017 4152 renderlo
1044 4109 1146 4154 tale
1187 4125 1286 4155 non
1328 4111 1474 4156 basta
1503 4110 1543 4155 il
1583 4112 1745 4158 ravvi·

793 4182 1070 4231 cinamento
1117 4186 1194 4232 col
1240 4188 1445 4243 Parad„
1505 4201 1614 4248 XIX,
1661 4189 1740 4248 48,

1845 2476 1935 2522 che
1963 2476 2008 2523 ci
2033 2476 2098 2523 da
2121 2475 2523 2523 indubbiamente
2545 2475 2596 2523 lo
2625 2480 2793 2526 stesso

1843 2550 2073 2612 pensiero
2098 2566 2125 2597 e
2159 2551 2250 2597 che
2274 2551 2343 2597 ha
2366 2564 2572 2597 comune
2608 2550 2685 2599 col
2706 2566 2794 2600 no-

1844 2630 1949 2672 stro
2004 2640 2154 2685 passo
2206 2625 2240 2670 l’
2265 2627 2530 2685 aspettare.
2574 2625 2790 2688 Anam,

1844 2699 1935 2746 che
1969 2700 2179 2747 sarebbe
2218 2715 2319 2746 una
2367 2698 2688 2756 sostituzione
2723 2700 2794 2749 10·

1843 2775 1944 2821 cita
1991 2790 2017 2822 e
2056 2775 2108 2820 in
2164 2775 2245 2822 cui
2286 2774 2540 2822 dovrebbe
2570 2774 2791 2825 *vedersi

1842 2851 1877 2895 l'
1899 2863 2025 2897 arra
2068 2851 2332 2909 nuptialis,
2375 2864 2475 2896 non
2520 2863 2678 2910 regge
2712 2848 2791 2901 aad

1841 2940 1939 2972 una
1970 2923 2248 2971 riflessione
2289 2928 2538 2972 accurata.
2570 2922 2686 2971 Solo
2717 2927 2790 2971 at-

1840 3005 2071 3046 traverso
2093 3014 2122 3046 a
2147 2998 2329 3059 grandi
2363 2997 2598 3045 difficolt&
2622 2997 2668 3045 εἰ
2691 2996 2790 3044 riu·

1841 3074 2064 3121 scirebbe
2097 3089 2127 3120 a
2159 3073 2386 3120 sostituir
2409 3074 2740 3130 curationem;
2756 3085 2788 3119 ο

1838 3148 2013 3210 poiche
2033 3148 2071 3194 11
2095 3162 2241 3194 senso
2259 3148 2350 3194 che
2373 3152 2445 3193 ne
2458 3145 2798 3215 risulterebbe
2959 3193 2963 3196 .

1840 3224 1866 3270 e
1893 3227 2160 3271 contenuto
2193 3221 2274 3269 del
2303 3222 2424 3283 pari,
2442 3222 2445 3225 ’
2466 3218 2704 3283 sia'pure
2732 3219 2786 3278 in
2874 3280 2878 3282 -
2951 3227 2958 3266 ,’

1839 3298 1986 3346 modo
2009 3297 2259 3358 ambiguo,
2283 3297 2367 3344 nel
2398 3310 2570 3343 curam
2600 3294 2683 3343 dei
2708 3309 2786 3342 co·

1839 3373 1951 3434 dici,
1975 3372 2013 3418 il
2037 3375 2344 3418 mutamento
2368 3386 2468 3417 non
2491 3369 2708 3418 avrebbe
2731 3369 2784 3417 in

1837 3462 2023 3494 nessun
2047 3461 2165 3494 caso
2189 3462 2288 3493 una
2302 3445 2480 3506 ragion
2495 3443 2784 3493 sufficiente.

1926 3521 1964 3581 7)
1991 3518 2288 3566 Correzione
2334 3518 2585 3577 evidente,
2617 3518 2710 3566 che
2746 3518 2787 3567 il

1837 3595 1917 3640 Tr.
1967 3593 2108 3640 attuo
2159 3592 2495 3652 traducendo,
2549 3591 2588 3639 il
2641 3591 2786 3641 Corb.

1837 3667 2144 3729 stampando,
2174 3683 2201 3714 e
2229 3668 2320 3714 che
2346 3666 2373 3714 ὁ
2397 3667 2554 3715 anche
2584 3671 2786 3729 portata

1837 3743 1901 3790 da
1927 3744 1982 3790 V.

1922 3813 1960 3877 ⁸)
1990 3816 2133 3864 Corb.
2180 3818 2226 3863 Il
2265 3816 2407 3863 Torri
2452 3817 2572 3864 noto
2609 3774 2700 3866 cho
2744 3817 2784 3865 il

1834 3893 1911 3938 vel
1934 3907 2033 3938 non
2073 3906 2161 3938 era
2201 3891 2255 3938 in
2293 3891 2363 3952 V,
2403 3905 2430 3938 e
2472 3891 2562 3939 che
2593 3903 2700 3940 non
2731 3887 2783 3939 'si

1832 3966 2086 4021 rifletteva
2116 3967 2198 4012 nel
2237 3963 2317 4012 Tr.
2356 3965 2570 4026 (duplice
2610 3964 2808 4014 effestu—

1834 4041 1948 4087 dell'
1963 4039 2148 4087 essersi
2173 4040 2423 4087 avvertito
2447 4040 2648 4086 l’errore
2668 4039 2720 4086 di
2740 4040 2782 4086 T

1834 4131 1984 4162 senza
2016 4115 2181 4176 capire
2215 4129 2332 4161 cosa
2365 4114 2412 4160 ci
2440 4113 2578 4160 fosse
2609 4113 2780 4172 sotto).

1832 4190 1904 4235 Lo
1934 4193 2202 4234 mantenne
2234 4187 2470 4245 tuttavia,
2501 4193 2594 4247 pur
2622 4183 2782 4246 giudi-

2888 1693 2913 1727 s

2982 2442 2984 2446 ⁴
2976 2147 2996 2416 ..AE——.u...fir.›.¹.
2975 2088 2996 2113 .‘=‘
2993 2054 2996 2056 .
2990 2018 2992 2022 ν
2992 1931 2996 1938 l
