2996 4640
713 1620 783 1672 10

830 567 905 621 50
1514 581 1625 618 mn.
1665 565 1711 636 I,
1754 581 1874 620 cnr.
1905 582 1961 636 x,
2004 565 2122 622 1-4.

832 737 1117 809 quandam
1149 734 1609 791 anterioritatem
1648 752 1884 807 erogare
1904 732 1939 804 ¹)
1980 734 2213 792 videtur
2248 735 2463 804 Ytalis,
2497 737 2598 810 qui
2636 741 2684 794 εὶ
2721 735 2806 792 di.-

831 843 985 890 cunt.
1044 834 1313 898 Quolibet
1364 832 1518 887 enim
1570 831 1825 905 partium
1874 831 2037 905 largo
2095 832 2431 888 testimonio
2449 840 2470 857 ³
2485 852 2546 890 se
2593 839 2808 891 tuetur.

829 935 879 986 2.
913 931 1147 1002 Allegat
1184 948 1320 1001 ergo
1351 947 1457 1003 pro
1489 948 1549 985 se
1579 930 1781 1001 lingua
1807 930 1892 999 οΞί,
1927 929 2081 1001 quod
2109 935 2347 1003 propter
2371 930 2462 985 sui
2491 929 2808 987 faciliorem

829 1048 895 1082 ac
942 1026 1429 1082 delectabiliorem
1459 1025 1874 1097 vulgaritatem
1910 1026 2190 1099 quicquid
2239 1026 2537 1083 redactum
2575 1027 2697 1084 sive
2725 1027 2812 1083 in-

828 1130 1066 1180 ventum
1086 1122 1124 1193 ¹)
1156 1128 1243 1179 est
1275 1123 1347 1179 ad
1378 1124 1617 1197 vulgare
1655 1124 2006 1196 prosaicum,
2049 1143 2217 1179 suum
2256 1129 2366 1179 est:
2406 1123 2676 1181 videlicet
2712 1123 2811 1180 Bi-

829 1223 947 1278 blia
977 1241 1107 1277 cum
1139 1222 1542 1294 Troyanorum
1572 1222 2087 1293 Romanorumque
2117 1221 2382 1294 gestibus
2413 1221 2724 1295 compilata
2755 1226 2814 1276 et

828 1319 1031 1374 Arturi
1052 1318 1090 1388 3)
1115 1319 1267 1390 regis
1292 1319 1563 1390 ambages
1587 1319 1929 1391 pulcerrime
1955 1323 2013 1372 et
2042 1337 2213 1389 quam
2239 1300 2430 1391 plures
2457 1317 2570 1374 alie
2592 1317 2813 1392 ystorie

829 1436 894 1472 ac
933 1417 1208 1472 doctrine.
1307 1418 1358 1472 3.
1392 1416 1504 1471 Pro
1550 1434 1610 1470 se
1640 1434 1778 1471 vero
1818 1421 2259 1487 argumentatur
2297 1416 2437 1488 alia,
2470 1415 2692 1471 scilicet
2727 1435 2813 1487 οσ,

829 1514 982 1586 quod
1013 1514 1280 1586 vulgares
1319 1513 1652 1585 eloquentes
1683 1513 1746 1567 in
1787 1532 1854 1568 ea
1900 1513 2174 1585 primitus
2211 1513 2436 1587 poetati
2483 1517 2648 1583 sunt,
2683 1516 2814 1569 ‘tan-

828 1631 1003 1684 quam
1035 1612 1097 1666 in
1127 1610 1462 1684 perfectiori
1500 1610 1860 1682 dulciorique
1899 1610 2154 1682 loquela,
2197 1616 2266 1665 ut
2313 1615 2458 1683 puta
2496 1611 2703 1666 Petrus
2741 1609 2814 1666 de

827 1708 1109 1762 Alvernia
1141 1712 1201 1761 et
1232 1706 1334 1761 alii
1364 1705 1722 1777 antiquiores
1754 1706 2029 1761 doctores.

959 1852 992 1885 5.
1018 1850 1051 1883 'l'
1069 1857 1311 1891 mosaycum.

823 1911 1039 1955 pulcer-ime.

826 1971 859 2003 Τ
884 1978 1004 2013 quoq3
1032 1969 1126 2009 ἰαί-ς
1155 1966 1203 2011 [G
1225 1966 1359 2009 *quae].

827 2080 982 2128 condo
1007 2079 1308 2137 adverbium,
1335 2091 1531 2123 omesso
1557 2074 1729 2136 prima,
1749 2091 1776 2121 e

825 2154 1066 2200 'riomesso
1093 2152 1175 2212 poi
1206 2151 1337 2198 nelle
1363 2156 1584 2211 stampe,
1612 2151 1639 2196 e
1663 2166 1777 2212 sup-

823 2229 947 2290 plito
971 2228 1023 2274 in
1050 2228 1107 2287 G,
1140 2226 1346 2287 dispone
1370 2226 1422 2271 in
1443 2225 1588 2271 favor
1614 2239 1717 2271 suo.
1734 2226 1776 2270 E

825 2303 870 2349 si
886 2302 1127 2349 vorrebbe
1145 2300 1362 2347 salvarlo
1380 2298 1639 2346 scrivendo
1651 2311 1778 2344 acce-

821 2379 955 2437 pisse
979 2378 1049 2422 εἰσ
1074 2374 1376 2431 adverbium,
1393 2373 1682 2419 adverbium
1699 2372 1778 2430 af-

821 2452 1086 2513 firmandi:
1119 2463 1277 2495 «aver
1312 2462 1458 2507 preso
1491 2447 1523 2492 1'
1539 2446 1776 2494 avverbio

822 2529 895 2574 εἰσ
944 2526 1089 2586 quale
1125 2523 1361 2571 avverbio
1405 2522 1717 2570 affermativo
1734 2541 1775 2568 ι.

827 2602 1045 2657 Qualche
1062 2598 1311 2659 appoggio
1329 2598 1360 2643 l’
1375 2597 1489 2644 idea
1505 2612 1597 2657 par
1613 2601 1776 2643 trova-

825 2692 879 2722 re
905 2677 956 2721 in
982 2676 1077 2732 cib,
1105 2674 1195 2719 che
1219 2673 1251 2718 l'
1269 2674 1513 2731 accepisse
1536 2673 1607 2719 εἰσ
1627 2685 1778 2717 senza

827 2752 917 2798 che
939 2752 1010 2797 εἰσ
1036 2750 1111 2796 sia
1129 2752 1520 2808 accompagnato
1542 2746 1605 2792 da
1623 2746 1776 2805 nulla,

826 2826 984 2871 riesce
1023 2839 1088 2870 un
1119 2822 1404 2883 po’monco.
1450 2821 1535 2866 Ma
1574 2835 1661 2880 per
1694 2835 1776 2867 ov-

826 2900 980 2958 viare‚
1007 2898 1051 2944 si
1083 2897 1307 2955 sarebbe,
1341 2911 1396 2942 se
1441 2895 1555 2953 mai,
1589 2894 1775 2940 dovuto

827 2974 932 3020 dire
972 2973 1270 3020 vocabulum
1299 2974 1404 3029 sic,
1446 2985 1474 3016 o
1515 2971 1606 3016 che
1648 2969 1774 3015 altro

826 3064 882 3095 so
907 3048 975 3094 io:
1004 3046 1209 3094 servirsi
1242 3045 1346 3092 cioe
1377 3045 1427 3090 di
1459 3045 1693 3105 qualcosa
1726 3044 1776 3090 di

828 3124 1026 3170 diverso
1052 3123 1116 3168 da
1148 3122 1464 3178 adverbium;
1489 3120 1579 3166 che
1604 3119 1641 3164 il
1665 3118 1777 3165 rad-

826 3198 1176 3258 doppiamento
1223 3196 1356 3241 della
1399 3209 1522 3242 voce
1579 3198 1772 3250 stessa,

825 3273 999 3319 inutile
1050 3272 1227 3317 aflatto
1282 3285 1370 3330 per
1422 3269 1458 3314 il
1504 3283 1674 3327 senec,
1724 3268 1774 3314 in

826 3352 1011 3407 quanto
1052 3361 1118 3391 un
1156 3346 1228 3392 εἰσ
1258 3359 1356 3391 non
1387 3343 1625 3391 avverbio
1665 3357 1775 3389 nes-

827 3436 950 3467 snno
981 3421 1029 3466 lo
1062 3434 1294 3479 conosce,
1321 3434 1349 3465 e
1379 3433 1478 3464 non
1519 3418 1702 3464 diretto
1744 3432 1775 3462 a

826 3501 1049 3542 ottenere
1080 3495 1364 3554 perlomeno
1395 3493 1604 3553 qualche
1638 3491 1775 3538 effet-

827 3575 879 3616 to
911 3570 1162 3627 rettorico,
1193 3569 1294 3614 mal
1334 3567 1379 3612 si
1409 3567 1648 3627 potrebbe
1692 3582 1776 3626 ap-

826 3660 1051 3704 provare.
1090 3644 1153 3702 E,
1196 3641 1482 3702 aguzzando
1523 3640 1774 3700 maggior-

826 3725 991 3765 mente
1022 3719 1071 3765 lo
1112 3716 1346 3777 eguardo,
1390 3717 1434 3762 si
1475 3716 1646 3762 finisce
1685 3730 1774 3775 per

828 3799 1041 3852 trovare,
1076 3806 1244 3838 essere
1268 3790 1453 3851 meglio
1491 3791 1582 3837 che
1622 3790 1659 3835 il
1703 3792 1774 3837 εἰσ

828 3868 905 3913 sia
934 3882 1098 3913 messo
1130 3867 1166 3912 li
1211 3867 1263 3912 in
1306 3865 1452 3912 modo
1491 3864 1777 3912 indetermi-

828 3948 963 3988 nato.
997 3941 1123 3987 Perb
1169 3956 1234 3987 va
1275 3939 1516 4000 preferita
1546 3939 1777 3999 l'ipotesi

831 4016 882 4061 di
912 4031 977 4060 un
1018 4015 1252 4074 semplice
1284 4029 1452 4060 errore
1491 4013 1777 4060 infiltratosi

830 4090 883 4135 in
907 4105 972 4134 un
999 4089 1297 4134 ascendente
1325 4088 1401 4134 de’
1419 4087 1576 4135 codici
1604 4086 1779 4134 nostri.

921 4163 958 4223 1)
992 4162 1093 4208 Che
1124 4176 1328 4223 erogare
1357 4161 1403 4209 si
1433 4161 1545 4209 dica
1576 4160 1782 4222 special·

1403 1848 1437 1882 6.
1463 1846 1495 1879 Τ
1519 1845 1771 1880 troioenorum.
1846 1844 1895 1888 [G
1920 1845 2221 1879 *romantiomm
2238 1845 2297 1887 s].

1110 1911 1143 1943 8.
1170 1909 1205 1942 G
1227 1908 1259 1942 T
1284 1908 1611 1949 aryumentantur.
1661 1907 1693 1940 9.
1717 1904 1751 1939 G
1764 1905 1904 1948 pocati.
1953 1904 1987 1939 G
2013 1906 2188 1948 loquella.
2249 1907 2303 1941 11.
2331 1906 2363 1940 Τ
2387 1905 2515 1942 tercia.
2559 1905 2595 1942 G
2614 1899 2711 1952 quo3
2726 1904 2811 1947 lau.

2111 1706 2164 1760 4.
2205 1705 2424 1777 Tertia,
2462 1724 2575 1779 que
2588 1703 2627 1776 ‘)
2656 1704 2816 1761 Lati-

2380 1846 2413 1880 7.
2443 1844 2492 1889 [G
2514 1845 2676 1889 *Ao-tuq,
2722 1844 2759 1880 e
2780 1845 2814 1880 m

1866 2079 2031 2121 mente
2057 2074 2138 2121 del
2163 2074 2364 2133 danaro,
2385 2090 2484 2122 non
2502 2075 2707 2132 bastera
2725 2089 2816 2137 per

1864 2149 2119 2196 muoverci
2157 2164 2187 2195 a
2221 2148 2374 2210 fargli
2424 2149 2544 2196 dare
2588 2149 2627 2195 il
2676 2164 2815 2210 gam-

1865 2225 2003 2271 betto
2037 2224 2101 2270 da
2141 2238 2396 2284 arroqare,
2447 2223 2639 2272 evitato
2678 2225 2814 2272 forse

1865 2314 1955 2360 per
1969 2298 2054 2346 via
2071 2297 2306 2345 dell'idea
2329 2298 2379 2345 di
2403 2298 2813 2359 appropriazione

1864 2373 2100 2432 indebita,
2124 2374 2214 2420 che
2241 2373 2288 2420 lo
2310 2387 2815 2435 accompagna-epes-

1867 2464 1923 2496 so
1939 2449 1991 2495 in
2006 2448 2161 2495 latino
2180 2463 2207 2494 e
2225 2448 2316 2495 che
2331 2462 2496 2494 nense
2513 2462 2576 2494 ne
2591 2447 2815 2496 dionem

1865 2524 1918 2569 in
1954 2523 2192 2582 italiano,
2225 2521 2559 2570 validamente
2599 2521 2815 2584 spanog-

1866 2600 2008 2658 giata
2032 2597 2117 2644 dal
2138 2597 2310 2644 valore
2335 2600 2565 2644 costante
2596 2595 2814 2646 (Παννο-

1864 2675 2056 2733 yanter,
2081 2671 2387 2732 arrogantia,
2415 2685 2712 2733 aru-cyanea.

1954 2748 1991 2808 2)
2023 2746 2271 2793 Potrebbe
2297 2761 2473 2807 parere
2499 2746 2590 2793 che
2618 2747 2815 2795 foenero

1867 2821 1931 2868 da
1957 2820 2205 2868 scambiar
2230 2820 2280 2867 di
2309 2825 2455 2882 posto
2485 2821 2525 2867 11
2557 2822 2817 2870 redactum

1867 2911 1894 2942 e
1930 2896 1962 2941 l’
1982 2898 2255 2952 inventum,
2290 2895 2342 2940 in
2381 2893 2554 2955 grazia
2591 2894 2708 2941 dell'
2723 2895 2812 2956 ad,

1867 2970 1958 3016 che
1990 2969 2030 3016 s'
2048 2969 2221 3017 addice
2254 2970 2303 3015 al
2344 2969 2516 3029 prime,
2558 2983 2586 3016 e
2625 2983 2725 3016 non
2764 2970 2816 3016 al

1866 3044 2093 3091 secondo.
2116 3045 2199 3090 Ma
2218 3059 2280 3090 ne
2305 3043 2609 3090 nascerebbe
2631 3043 2815 3090 un'am·

1865 3118 2059 3178 biguita
2106 3118 2157 3164 di
2203 3133 2350 3165 senso
2369 3153 2382 3178 ‚
2426 3119 2524 3164 ben
2572 3117 2814 3178 poggiore

1866 3193 1979 3240 dell’
1995 3192 2245 3239 anomalia
2275 3188 2682 3252 grammatica103
2710 3206 2738 3238 e
2770 3192 2815 3239 si

1865 3267 2110 3314 confronti
2175 3267 2331 3314 anche
2385 3267 2418 3312 l'
2449 3266 2620 3313 ordine
2684 3255 2814 3314 delle

1866 3340 2309 3403 esemplificazioni.

1953 3418 1990 3478 3)
2022 3417 2166 3463 Nella
2191 3420 2390 3475 stampa
2413 3414 2451 3460 il
2473 3414 2616 3461 Corb.
2635 3414 2680 3462 si
2706 3428 2813 3476 per-

1865 3506 2012 3538 suase
2040 3491 2131 3536 che
2159 3490 2198 3536 il
2233 3503 2557 3536 romanorum
2586 3503 2686 3535 non
2725 3502 2814 3536 era

1866 3567 1930 3613 da
1953 3572 2173 3623 toccare‚
2214 3579 2306 3624 pur
2335 3578 2435 3610 non
2475 3562 2694 3623 sapendo
2742 3562 2814 3609 di-

1865 3639 2120 3700 stogliersi
2151 3639 2233 3685 dal
2263 3637 2464 3685 vederci
2502 3637 2755 3698 designati
2793 3637 2812 3683 i

1869 3734 1889 3756 ι
1911 3713 2132 3760 romanzi
2149 3732 2187 3758 ι.
2220 3713 2401 3759 Invece
2442 3726 2544 3758 non
2590 3710 2812 3758 rinunzib
2846 3753 2849 3755 Α

1864 3789 1947 3835 all'
1963 3789 2132 3848 Artui,
2164 3787 2257 3834 che
2287 3801 2581 3846 scomparve
2626 3786 2812 3832 soltan-

1865 3868 1918 3910 to
1944 3863 2072 3908 colla
2108 3863 2160 3908 1⁸
2185 3861 2260 3908 ed.
2299 3861 2381 3907 del
2410 3862 2546 3908 Frat.
2571 3861 2614 3907 E
2644 3860 2690 3907 ei
2721 3860 2812 3907 che

1867 3937 2109 3984 Arturwm
2136 3937 2168 3982 'e
2197 3935 2250 3982 in
2280 3950 2347 3982 un
2385 3950 2536 3995 passo
2567 3934 2825 3996 ripertato.

1867 4010 1931 4057 da
1955 4010 2025 4056 lui
2049 4010 2319 4056 medesimo
2345 4009 2476 4056 nelle
2500 4013 2632 4056 note.

1956 4085 1995 4143 4)
2027 4083 2129 4130 Che
2173 4083 2208 4129 il
2259 4098 2393 4144 quoe,
2441 4085 2679 4144 suppoeto
2729 4081 2814 4128 dal

1869 4159 1951 4208 Tr.
1999 4159 2133 4206 nella
2177 4157 2406 4206 versione
2461 4172 2488 4204 e
2541 4155 2813 4204 introducto
