2996 4640
666 1599 736 1651 10

783 557 892 611 170
1436 573 1545 611 mn.
1585 556 1672 626 ΙΙ,
1714 572 1832 610 cn’.
1872 572 1960 625 lx,
2004 556 2120 611 1-3.

780 728 919 801 quid
951 728 1078 800 ipsa
1126 728 1228 798 sit,
1275 732 1333 782 et
1372 726 1512 800 quid
1549 745 1655 800 per
1694 746 1821 782 eam
1868 726 2197 800 intelligere
2234 729 2514 803 volumus.
2592 732 2644 787 2.
2682 730 2761 786 Et

779 826 930 879 circa
962 825 1068 879 hoc
1100 822 1399 879 sciendum
1431 828 1518 879 est
1551 821 1704 895 quod
1741 823 1850 879 hoc
1880 823 2227 880 vocabulum
2259 843 2362 898 per
2401 826 2579 883 solius
2614 827 2760 885 artis

780 926 1103 994 respectum
1143 920 1446 976 inventum
1478 924 1591 991 est,
1622 918 1894 975 videlicet
1934 925 1999 975 ut
2038 921 2102 975 in
2149 939 2262 993 quo
2312 926 2436 978 tota
2474 922 2762 981 cantionis

779 1038 872 1073 ars
905 1025 1053 1074 esset
1102 1023 1397 1088 contenta,
1446 1016 1592 1074 illud
1621 1015 1913 1073 diceretur
1949 1018 2384 1074 stantia—hoc
2417 1024 2505 1076 est
2540 1020 2762 1078 mansio

781 1135 979 1189 capax,
1000 1116 1120 1171 sive
1134 1115 1173 1186 ¹)
1194 1114 1894 1189 receptaculum—totius
1914 1116 2070 1171 artis.
2093 1115 2259 1188 Nam,
2282 1116 2762 1189 quemadmodum

779 1213 971 1268 cantio
1003 1217 1090 1267 est
1121 1212 1406 1285 gremium
1441 1212 1617 1268 totius
1649 1212 1957 1284 sententie,
1990 1212 2074 1267 sic
2105 1212 2322 1269 stantia
2355 1219 2540 1270 totam
2579 1219 2764 1272 artem

779 1311 1117 1381 ingremiat;
1159 1329 1264 1365 nec
1302 1311 1438 1365 licet
1479 1310 1699 1382 aliquid
1739 1310 1881 1366 artis
1921 1310 2294 1382 sequentibus
2334 1329 2625 1384 arrogare,
2665 1311 2766 1369 sed

779 1407 958 1462 solam
1005 1412 1187 1462 artem
1243 1406 1634 1462 antecedentis
1690 1406 1926 1462 induere
1946 1407 2003 1476 ²).
2045 1408 2156 1462 Per
2205 1408 2361 1480 quod
2408 1413 2572 1482 patet
2609 1410 2764 1484 quod

779 1502 906 1574 ipsa
951 1502 1020 1556 de
1071 1520 1183 1573 qua
1219 1502 1509 1573 loquimur
1556 1501 1667 1556 erit
1713 1503 2154 1559 conterminatio
2176 1498 2235 1574 ³),
2276 1504 2397 1560 sive
2435 1524 2770 1581 compages,

781 1600 1040 1655 omnium
1070 1618 1267 1656 eorum
1297 1618 1406 1671 que
1433 1600 1628 1654 cantio
1657 1599 1835 1654 sumit
1859 1601 1931 1655 ab
1952 1605 2095 1671 arte3
2127 1601 2337 1674 quibus
2364 1602 2757 1676 divaricatis⁴),

783 1716 955 1769 quam
996 1696 1286 1768 querimus
1326 1696 1636 1770 descriptio
1687 1697 2011 1752 innotescet
2031 1699 2088 1768 ⁵).
2167 1700 2220 1753 3.
2252 1699 2400 1755 Tota
2436 1699 2620 1772 igitur
2672 1719 2765 1757 ars

782 1795 1067 1850 cantionis
1107 1794 1257 1849 circa
1286 1794 1398 1849 tria
1431 1794 1660 1850 videtur
1685 1794 2019 1850 consistere:
2053 1796 2264 1869 primo,
2305 1796 2458 1854 circa
2478 1795 2520 1869 ⁶)
2560 1802 2765 1874 emtus

782 1892 1146 1963 divisionem;
1181 1892 1444 1963 secundO,
1479 1893 1630 1948 circa
1658 1893 1911 1965 partium
1939 1892 2358 1964 habitudinem3
2395 1895 2587 1966 tertio,
2613 1894 2767 1954 oiroa

915 2040 948 2071 5.
976 2038 1114 2071 Tuam
1127 2035 1235 2081 idaj·
1257 2038 1306 2081 (G
1319 2038 1488 2081 fiad'vn).

784 2101 837 2131 10.
866 2097 900 2130 G
920 2097 1051 2131 εῑιηιίι.

783 2158 899 2192 veder
922 2162 970 2192 ἴε.

781 2219 903 2253 tercio.

874 2358 907 2416 ¹)
940 2359 1008 2402 Le
1055 2362 1250 2416 stampe
1299 2358 1398 2415 vel,
1447 2371 1535 2415 per
1583 2356 1727 2414 colpa

785 2433 899 2478 dell’
914 2431 989 2476 ed.
1021 2430 1254 2492 principe.

873 2508 910 2564 2)
944 2508 1001 2552 V.
1029 2522 1074 2566 p.
1106 2507 1190 2551 132
1216 2521 1261 2550 n.
1286 2516 1319 2550 3.

874 2583 911 2640 ³)
943 2581 1131 2636 Questa
1174 2578 1454 2624 correzione
1501 2579 1624 2624 ebbe
1666 2579 1731 2624 ad

786 2670 953 2701 essere
980 2654 1241 2714 suggerita
1266 2654 1316 2699 al
1339 2652 1483 2699 Oorb.
1511 2654 1592 2699 dal
1617 2653 1730 2699 tris-

788 2730 981 2775 siniano
1019 2730 1144 2775 sard
1178 2743 1245 2774 un
1290 2730 1520 2784 termina
1557 2743 1640 2773 ma
1687 2727 1730 2773 si

788 2806 911 2850 offre
954 2804 1069 2850 nell’
1093 2803 1264 2848 ordine
1310 2801 1573 2848 materiale
1625 2802 1730 2848 co'si

788 2883 1085 2937 spontanea,
1113 2877 1203 2922 che
1229 2876 1282 2920 fu
1307 2875 1585 2921 introdotta
1607 2874 1730 2921 indi·

787 2953 1198 3012 pendentemente
1230 2951 1387 2995 anche
1412 2950 1462 2994 in
1491 2950 1548 2996 V.
1573 2951 1618 2993 A
1652 2949 1731 2995 chi

786 3026 1058 3084 rifletta‚fa
1073 3025 1198 3070 sulle
1219 3024 1378 3084 prime
1404 3023 1668 3071 arricciare
1694 3025 1730 3071 il

788 3116 928 3147 naso:
962 3116 991 3146 o
1017 3100 1294 3146 cos'hanno
1328 3100 1418 3146 che
1450 3099 1632 3146 vedere
1664 3100 1731 3144 in-

788 3177 943 3222 sieme
975 3177 1349 3222 conterminatio
1382 3191 1408 3222 e
1438 3176 1732 3236 compayes?

787 3251 912 3297 Pero
937 3250 986 3297 io
1012 3265 1095 3295 ero
1117 3250 1300 3295 andato
1332 3250 1572 3296 cercando
1600 3251 1730 3296 altra

789 3341 926 3384 cosa3
954 3341 980 3372 e
1012 3325 1075 3370 m'
1093 3339 1175 3370 ero
1201 3325 1416 3370 formato
1441 3341 1472 3370 a
1502 3327 1733 3372 contami·

787 3403 936 3458 natio,
953 3399 1275 3445 fondandomi
1297 3399 1375 3446 sul
1398 3401 1731 3446 contaminari

789 3477 879 3521 che
905 3476 944 3520 s'
962 3474 1028 3520 ha
1058 3474 1140 3520 nel
1170 3489 1320 3533 passo
1364 3473 1730 3522 arcinotissimo

789 3549 901 3595 dell’
917 3549 1113 3595 Andria
1167 3548 1218 3593 di
1267 3549 1504 3596 Terenzio
1559 3550 1730 3610 (Prol.,

788 3641 835 3671 v.
871 3626 951 3685 16)
991 3639 1018 3669 e
1059 3624 1602 3684 sull’interpretazione
1640 3626 1730 3674 che

790 3700 946 3745 anche
987 3699 1021 3744 il
1061 3699 1318 3746 medioevo
1365 3699 1411 3746 si
1449 3706 1661 3747 trovava
1700 3716 1731 3746 a

789 3775 1026 3832 legger-ne
1051 3773 1133 3819 nel
1165 3778 1442 3820 commento
1477 3774 1529 3820 di
1566 3776 1731 3821 Dona·

790 3855 858 3893 to:
902 3851 1315 3895 contaminari
1351 3865 1466 3896 non
1512 3851 1731 3897 decere

787 3925 1052 3982 fabulas,
1088 3924 1226 3983 idest,
1269 3939 1331 3972 eae
1370 3927 1538 3971 multis
1575 3939 1730 3971 unam

788 4012 888 4043 non
934 3999 1101 4043 decere
1153 4000 1335 4057 facere.
1381 4000 1464 4045 Ma
1511 3999 1729 4046 riusciva

789 4071 946 4116 ostico
966 4071 1299 4118 l'ammettere
1323 4073 1414 4118 che
1437 4072 1473 4117 11
1490 4072 1729 4126 vocabolo

794 4144 837 4188 si
858 4145 992 4189 fosse
1016 4145 1190 4191 voluto
1221 4161 1367 4192 usare
1395 4146 1458 4192 da
1491 4147 1652 4193 Dante
1678 4147 1730 4194 in

1579 2040 1613 2071 6.
1640 2037 1673 2071 Τ
1693 2037 1824 2072 tocius.

1144 2099 1197 2131 12.
1221 2097 1254 2130 Τ
1275 2095 1331 2139 ἵε,
1351 2095 1510 2140 [’'‘circa].
1531 2097 1680 2131 mentre
1703 2096 1766 2130 nei
1788 2095 1861 2131 due
1884 2097 1963 2131 casi
1987 2096 2088 2131 della
2110 2096 2211 2131 linea
2233 2098 2414 2141 seguente
2435 2098 2466 2131 c‘
2479 2098 2501 2131 e
2522 2097 2552 2132 il
2571 2097 2706 2133 dirimo
2725 2097 2768 2134 (11

1051 2158 1085 2191 G
1099 2157 1130 2190 Τ
1145 2158 1276 2199 primo
1295 2161 1452 2202 cantum
1468 2159 1503 2200 [e
1522 2157 1557 2191 G
1575 2157 1776 2200 supplisce‚
1798 2168 1868 2192 con
1880 2168 1931 2192 un
1949 2157 2131 2192 richiamo
2150 2158 2394 2201 frammezzo,
2424 2158 2571 2202 *civ-oa}

1915 2039 1949 2072 9.
1971 2038 2007 2072 G
2025 2038 2058 2072 Τ
2074 2039 2338 2073 conteminatio
2350 2054 2364 2080 ,·
2381 2038 2432 2084 [G
2451 2039 2766 2083 contaminatum.

2653 2160 2710 2194 13.
2735 2158 2768 2193 '1'

1818 2371 1883 2401 un
1910 2370 2058 2402 senso
2088 2355 2193 2402 cosi
2219 2355 2418 2402 diverso
2445 2356 2766 2406 dall’abitua-

1817 2431 1888 2489 1e;
1913 2445 1954 2487 e,
1977 2429 2294 2489 ripensando,
2319 2430 2387 2476 mi
2409 2446 2500 2477 son
2524 2445 2765 2492 persuaso

1819 2506 1910 2550 che
1952 2505 1978 2549 ὸ
2011 2505 2075 2551 da
2114 2511 2249 2551 stare
2281 2506 2331 2551 al
2379 2509 2764 2556 conterminatio.

1818 2579 1863 2625 11
1905 2580 2048 2639 quale
2079 2578 2131 2625 in
2170 2581 2335 2626 realta
2371 2597 2464 2641 par
2502 2587 2769 2643 permette-

1819 2670 1887 2714 re,
1911 2669 2012 2699 non
2034 2671 2146 2714 una,
2173 2670 2255 2700 ma
2277 2655 2373 2702 due
2393 2655 2766 2717 interpretamin-

1819 2727 1870 2772 ni
1897 2729 1987 2773 che
2014 2729 2058 2773 si
2079 2730 2325 2776 confanno
2357 2731 2407 2777 al
2433 2745 2600 2779 senso:
2629 2731 2767 2793 quel-

1820 2802 1869 2847 la
1900 2802 1952 2847 in
1983 2803 2039 2848 se
2069 2803 2152 2862 piu
2194 2809 2415 2852 corretta
2446 2805 2497 2852 di
2535 2826 2556 2849 ι
2577 2805 2765 2854 delimi-

1820 2875 2015 2923 tazione
2037 2898 2076 2936 ),
2102 2897 2122 2919 α
2141 2878 2473 2940 inchiusione,
2495 2895 2587 2942 per
2610 2881 2764 2928 via-(li

1821 2952 2177 2998 tracciamento
2227 2954 2478 3014 completo
2526 2954 2578 3002 di
2622 2956 2766 3003 eonfi-

1819 3025 1872 3070 ni
1889 3046 1930 3085 »‚
1955 3042 1980 3072 e
2002 3027 2082 3073 un’
2100 3028 2253 3088 altra,
2276 3029 2519 3088 preferita
2548 3029 2617 3076 da
2640 3044 2766 3079 com-

1815 3115 1986 3160 payes,
2010 3117 2040 3147 a
2065 3102 2144 3147 cui
2167 3103 2366 3148 sembra
2407 3104 2572 3164 aprire
2602 3105 2654 3152 18
2680 3105 2765 3153 vin

1819 3176 1857 3221 il
1888 3180 2090 3222 trovare
2120 3177 2202 3222 nei
2233 3177 2544 3238 lessicografi
2583 3180 2764 3228 medie·

1820 3250 1921 3296 vali
1947 3250 2273 3311 (Uguccione,
2300 3253 2548 3299 Glovanni
2578 3254 2644 3300 da
2674 3255 2764 3302 Ge-

1824 3325 1973 3384 nova)
2026 3327 2390 3373 contermino
2435 3342 2564 3387 —a3,
2613 3331 2766 3378 simul

1823 3403 2106 3458 terminare,
2130 3403 2207 3447 vel
2230 3403 2537 3462 coniunyere.

1907 3477 1946 3537 4)
1978 3475 2041 3521 Di
2063 3491 2127 3522 un
2151 3491 2240 3523 suo
2263 3478 2563 3525 devaricatt’s
2579 3479 2619 3525 11
2634 3478 2762 3528 Giul.

1820 3552 1865 3598 si
1900 3552 2107 3599 ravvide
2152 3552 2284 3598 nelle
2317 3553 2586 3600 correzioni
2625 3555 2766 3602 finali

1819 3628 1888 3687 (1)·
1912 3626 2037 3685 4441
2642 3642 2646 3645 ’

1908 3701 1947 3760 ⁵)
1977 3701 2087 3747 Non
2114 3701 2229 3747 sara
2259 3701 2394 3748 forse
2427 3701 2476 3747 di
2507 3655 2762 3764 proposito

1821 3775 1912 3823 che
1932 3776 1970 3821 il
1996 3774 2137 3822 Gorb.
2163 3776 2361 3837 stampe
2385 3778 2642 3826 innotescit
2663 3778 2760 3840 (Tt-

1818 3849 1942 3896 sard
1996 3849 2302 3909 manifestw).
2363 3849 2670 3912 Comunque,
2724 3851 2762 3897 il

1819 3928 2051 3984 presente
2075 3924 2275 3970 rimase.

1907 3997 1945 4058 6)
1975 3996 2112 4043 Ebbe
2138 3998 2285 4058 piena
2315 3999 2522 4059 ragione
2552 3998 2595 4044 11
2619 4000 2760 4046 Oorb.
2773 4023 2775 4026 ⁴

1821 4071 1871 4118 di
1895 4071 2217 4132 aggiungere,
2245 4088 2383 4119 come
2407 4073 2491 4120 nel
2509 4089 2602 4120 ms.
2626 4074 2760 4121 nella

1822 4151 2046 4207 stampa,
2096 4151 2275 4206 questa
2324 4149 2513 4208 parola.
2571 4148 2761 4195 Perche
