2996 4640
725 1590 798 1642 10

847 552 954 603 llO
1506 567 1613 604 ms.
1654 550 1739 615 ΙΙ,
1781 566 1899 603 oar.
1940 566 1985 617 1,
2024 549 2142 602 2-5.

840 720 946 775 bus
984 721 1312 790 misceatur,
1360 738 1478 775 non
1509 719 1693 774 solum
1741 719 1827 774 nil
1877 718 2155 792 derogare
2192 717 2423 774 videtur
2454 720 2565 795 eis,
2606 720 2708 776 sed
2747 738 2816 777 ea

841 817 1136 871 meliorare
1179 817 1422 873 videtur.
1482 816 1701 885 Quare,
1757 816 1806 871 si
1859 815 1986 887 quis
2041 814 2424 887 versificator,
2476 835 2813 891 quanquam

842 912 981 968 rude
1012 913 1378 983 versifioetur,
1410 914 1600 986 ipsum
1639 931 1739 968 sue
1786 912 2033 967 ruditati
2084 900 2422 984 admisceat,
2468 931 2587 968 non
2625 914 2813 971 solum

842 1009 987 1063 bene
1023 1009 1210 1064 facere
1225 1008 1279 1081 ¹),
1319 1009 1417 1065 sed
1456 1010 1644 1082 ipsum
1685 1010 1767 1064 sio
1805 1008 1995 1064 facere
2041 1014 2305 1081 oportere
2343 1008 2590 1065 videtur.
2627 1009 2817 1069 Multo

843 1106 1025 1178 magis
1062 1125 1204 1179 opus
1244 1114 1330 1162 est
1375 1106 1662 1163 adiutorio
1707 1106 1824 1161 illis
1870 1107 1970 1179 qui
2020 1125 2226 1179 pauca,
2280 1125 2454 1179 quam
2492 1107 2594 1180 qui
2630 1107 2817 1165 multa

842 1201 1155 1277 possunt!²)
1187 1204 1265 1259 Et
1295 1205 1376 1259 sic
1414 1210 1652 1278 apparet
1679 1203 1831 1276 quod
1857 1203 2125 1259 omnibus
2155 1203 2616 1260 versificantibus
2643 1203 2820 1260 liceat

839 1299 1027 1372 ipsum
1067 1302 1170 1356 nti.
1265 1305 1315 1357 3.
1356 1302 1468 1356 Sed
1515 1301 1625 1357 hoc
1674 1301 2045 1356 falsissimum
2089 1306 2199 1370 est,
2254 1301 2390 1372 quia
2438 1320 2546 1357 nec
2586 1296 2819 1376 vsemper

842 1397 1314 1454 excellentissime
1334 1406 1634 1473 poetantes
1653 1398 1866 1453 debent
1885 1398 2030 1453 illud
2050 1397 2355 1470 induere⁸),
2377 1398 2527 1454 siout
2545 1417 2648 1472 per
2673 1397 2820 1455 info-

839 1496 960 1551 rius
990 1502 1343 1570 pertractata
1374 1496 1652 1571 perpendi
1667 1492 1708 1565 ⁴)
1728 1497 1962 1570 poterit.
2039 1497 2091 1551 4.
2118 1496 2323 1569 Exigit
2355 1516 2490 1569 ergo
2521 1495 2681 1552 istud
2705 1495 2820 1553 sibi

839 1595 1162 1650 consimiles
1202 1595 1378 1667 virOS,
1420 1594 1899 1666 quemadmodum
1951 1594 2052 1649 alii
2097 1594 2283 1648 nostri
2335 1613 2519 1649 mores
2558 1600 2617 1650 et
2653 1593 2819 1650 habi-

840 1697 949 1745 tus.
982 1692 1185 1763 Exigit
1215 1693 1368 1747 enim
1407 1691 1841 1765 magnificentia
1873 1711 2086 1763 magna
2125 1697 2405 1763 potentes„
2441 1710 2699 1766 purpura
2737 1690 2821 1748 vi-

839 1806 933 1843 ros
963 1788 1208 1843 nobiles:
1233 1788 1315 1843 sic
1337 1793 1393 1842 et
1426 1789 1532 1842 hoc
1553 1788 1896 1842 excellentes
1926 1787 2163 1859 ingenio
2192 1793 2249 1842 et·
2274 1787 2516 1842 scientia
2545 1787 2737 1861 querit
2763 1780 2831 1867 et*

841 1885 983 1939 alios
1014 1890 1368 1957 aspernatur,
1401 1891 1467 1940 ut
1500 1904 1602 1958 per
1633 1885 1908 1940 inferiora
1940 1886 2182 1959 patebit.
2261 1888 2310 1940 5.
2341 1885 2508 1956 Nam,
2544 1884 2823 1958 quioquid

841 1982 1008 2037 nobis
1041 1983 1326 2053 convenit,
1359 1983 1452 2037 vel
1482 1983 1675 2055 gratia
1712 1983 1962 2055 generis,
1995 1985 2088 2039 vel
2128 1984 2363 2057 speciei,
2397 1986 2490 2039 vel
2529 1981 2822 2040 individui

842 2081 1139 2150 convenit;
1186 2086 1253 2135 ut
1285 2081 1518 2151 sentire,
1555 2080 1757 2151 ridere,
1797 2080 2066 2136 militare.
2107 2080 2221 2136 Sed
2259 2081 2426 2136 nobis
2459 2100 2577 2137 non
2615 2098 2822 2138 conve·

843 2176 933 2230 nit
970 2176 1077 2230 hoc
1127 2176 1320 2248 gratia
1356 2176 1615 2248 generiS,
1655 2176 1794 2248 qnia
1834 2177 2009 2231 etiam
2065 2177 2252 2232 brutis
2302 2177 2678 2248 convenirem
2716 2196 2824 2234 neo

842 2272 1035 2345 gratia
1067 2272 1303 2346 speciei,
1343 2273 1481 2344 quia
1519 2273 1743 2327 cunctis
1782 2272 2113 2327 hominibus
2154 2278 2302 2327 esset
2343 2273 2718 2344 conveniens,
2744 2260 2825 2329 vde

845 2389 957 2442 quo
1011 2370 1169 2426 nulla
1228 2370 1450 2442 questio
1501 2375 1616 2425 est:
1663 2387 1832 2424 nemo
1895 2370 2049 2425 enim
2113 2369 2473 2425 montaninis
2530 2369 2826 2426 rusticana

980 2532 1016 2564 4.
1041 2531 1119 2565 Tra
1142 2531 1228 2565 bene
1244 2542 1263 2564 e
1286 2533 1350 2566 sed
1372 2541 1448 2566 uno
1472 2531 1600 2574 spazio
1622 2531 1770 2572 bianco,
1790 2529 2070 2565 notevolmente
2099 2530 2293 2575 maggiore
2313 2530 2354 2564 in
2375 2530 2420 2572 ’.Ὡς
2436 2529 2672 2575 [(ὶ*(ιι“ἀοωο·
2692 2531 2826 2572 dome,
2850 2574 2853 2576 ¹

847 2589 881 2623 a·
897 2589 1041 2634 sacten.
1112 2590 1191 2624 5.G
1205 2590 1236 2623 Τ
1259 2589 1367 2634 {qui
1380 2589 1463 2632 (cfr.
1474 2599 1513 2632 p.
1527 2592 1561 2630 4,
1574 2589 1629 2624 La
1647 2590 1696 2633 2).
1756 2590 1789 2624 7.
1804 2588 1839 2623 G
1852 2589 2147 2631 faustissimum.
2195 2590 2229 2624 s.
2247 2587 2283 2623 G
2302 2581 2601 2623 mmmm
2668 2590 2704 2624 ο.
2723 2585 2832 2625 s’u‘·

846 2649 886 2682 in
910 2649 946 2683 G
969 2650 1101 2684 scritto
1119 2659 1190 2692 per
1209 2651 1441 2690 tractatitas,-
1463 2650 1499 2684 si
1520 2649 1670 2684 raschin
1691 2649 1754 2692 poi
1777 2659 1800 2683 e
1820 2649 2027 2692 raeeoncio,
2052 2647 2244 2683 lasciando
2268 2657 2381 2683 senza
2410 2647 2631 2692 riempfflvo
2651 2647 2685 2690 ss,
2712 2649 2832 2685 moto

847 2712 988 2744 venato
1010 2720 1034 2744 a
1055 2709 1233 2744 risultare
1256 2710 1339 2752 (cfr.
1364 2709 1419 2743 La
1441 2709 1510 2753 11).
1604 2710 1660 2743 11.
1690 2709 1797 2751 Dopo
1820 2708 2102 2751 maynifioentia
2123 2709 2152 2742 s'
2167 2707 2219 2742 ha
2239 2707 2282 2741 in
2300 2707 2336 2742 Gr
2358 2707 2398 2743 la
2420 2717 2555 2743 rasura
2575 2707 2617 2744 dl
2645 2707 2749 2747 m
2767 2709 2830 2745 m

847 2768 1001 2810 lettere,
1025 2769 1237 2802 traversam
1258 2767 1360 2802 dalla
1382 2768 1495 2802 solita
1517 2768 1619 2802 linea
1641 2767 1915 2811 serpeggiante.

848 2828 994 2870 qratiaae
1005 2846 1047 2852 —
1059 2836 1128 2870 per
1142 2826 1282 2868 effetto,
1302 2826 1432 2868 oredo,
1453 2826 1513 2860 del
1531 2827 1676 2870 yeneris
1688 2835 1806 2860 —oon
1829 2826 2058 2869 espunzione
2071 2826 2159 2860 dell’
2170 2836 2201 2869 e,
2222 2837 2246 2861 a
2263 2826 2407 2870 quanto
2424 2835 2517 2870 pare
2535 2826 2675 2862 &altro
2690 2825 2832 2862 inem

849 2891 941 2924 stro.
1011 2890 1066 2923 18.
1085 2890 1119 2923 G
1131 2890 1254 2923 null'a
1267 2889 1411 2931 (inveoe
1423 2888 1463 2922 di
1479 2887 1603 2931 nll'a).
1669 2888 1774 2929 18-p.
1788 2886 1878 2927 111,
1895 2888 1914 2920 1
1927 2896 2010 2931 sgg.
2024 2886 2059 2921 G
2074 2888 2320 2922 montaninie.
2340 2889 2412 2923 Sed
2427 2889 2565 2931 optimo
2583 2888 2835 2933 oonoo'pb'ome

850 2957 928 2981 non
945 2951 1103 2993 pocewnt
1119 2958 1195 2982 ecee
1212 2949 1291 2982 niet·
1307 2949 1373 2982 ubi
1394 2949 1550 2983 scientia
1567 2951 1600 2981 et
1616 2948 1813 2990 inqenium
1829 2949 1881 2980 est
1902 2956 1986 2989 erqo
2003 2947 2147 2988 optima
2166 2946 2330 2989 loquella
2350 2955 2428 2980 non
2447 2947 2621 2982 conuenit
2635 2947 2835 2983 Mona

850 3008 1095 3041 tractantibus
1111 3008 1178 3046 hoc
1199 3009 1293 3042 dicet
1314 3017 1390 3043 esee
1403 3007 1626 3042 conueniens
1648 3006 1821 3040 conuenit
1842 3014 1925 3047 erqo
1947 3005 2147 3039 indiuidua·
2162 3005 2290 3048 qratia
2303 3006 2368 3039 eod
2385 3005 2504 3040 nichil
2524 3006 2731 3042 indiuiduo
2750 3016 2833 3042 oon*

851 3066 956 3099 uenit
970 3067 1048 3100 nisi
1063 3077 1135 3109 per
1157 3068 1337 3110 propriae
1365 3067 1585 3111 dionitate33
1614 3066 1646 3100 Τ
1670 3065 1918 3100 montaninis.
1951 3063 2023 3099 Sed
2046 3064 2183 3106 optime
2206 3064 2455 3107 conceptiones
2475 3075 2555 3101 non
2572 3070 2733 3109 ponunt
2754 3077 2833 3103 uec

852 3126 931 3160 niti
952 3126 1018 3160 ubi
1038 3127 1118 3162 εσΐᾶ
1139 3131 1173 3161 et
1193 3127 1389 3171 ingenium
1411 3130 1474 3161 est.
1500 3136 1583 3170 erqo
1607 3125 1751 3168 optima
1769 3124 1917 3167 loquela
1938 3133 2016 3158 non
2038 3124 2211 3158 conuenit
2232 3123 2311 3158 nisi
2328 3133 2399 3166 per
2415 3125 2596 3168 proprias
2619 3125 2832 3170 adonicam,

853 3185 1111 3220 concordando
1127 3186 1207 3221 cioe
1220 3195 1291 3221 con
1303 3186 1350 3229 G,
1369 3196 1431 3220 ma
1445 3185 1659 3220 omettendo
1673 3185 1816 3227 quanto
1834 3185 1855 3218 ὸ
1872 3192 2065 3227 compreso
2076 3183 2137 3218 fra
2148 3183 2178 3218 il
2195 3184 2319 3228 primo
2336 3193 2358 3218 e
2376 3183 2406 3218 n
2416 3185 2522 3219 terzo
2538 3185 2726 3220 conuenit.
2766 3184 2834 3230 [In

2007 2767 2354 2802 12.Geae0elontee.
2424 2767 2648 2804 Tucim
2717 2766 2894 2804 lssG'

945 3326 982 3383 ¹)
1009 3325 1116 3371 Non
1143 3340 1274 3386 pago
1302 3324 1416 3370 dell’
1433 3327 1476 3371 ei
1504 3325 1661 3384 faciet
1690 3339 1804 3370 con-

858 3404 1112 3458 getturato
1149 3399 1225 3445 sui
1277 3398 1494 3459 margini
1540 3413 1566 3444 e
1612 3398 1802 3459 rispon-

860 3475 1005 3521 dente
1053 3474 1136 3520 all’
1154 3490 1186 3520 a
1211 3476 1272 3521 lei
1312 3474 1436 3532 fara
1489 3473 1570 3519 del
1623 3475 1718 3530 Tr„
1767 3474 1804 3519 il

860 3549 1002 3595 Corb.
1025 3564 1144 3609 pose
1169 3549 1374 3606 nell’ed.,
1395 3563 1421 3594 e
1447 3547 1603 3594 lascio
1627 3547 1680 3593 in
1705 3563 1804 3594 ere-

861 3623 964 3668 dita
989 3638 1019 3668 a
1041 3622 1160 3668 tutti
1191 3623 1208 3667 i
1242 3622 1352 3668 suoi
1377 3621 1671 3679 successori,
1703 3624 1804 3682 ipsi

858 3699 1068 3743 ruditati
1095 3699 1262 3756 faciet.
1286 3696 1540 3743 Ambedue
1565 3697 1582 3742 i
1609 3697 1804 3757 supple-

860 3771 1015 3816 menti
1053 3786 1172 3817 eran
1204 3771 1336 3831 goffi.
1373 3771 1418 3817 11
1441 3771 1541 3817 mio
1573 3771 1798 3830 sarebbe,

862 3846 1017 3892 anche
1063 3847 1115 3891 in
1168 3846 1332 3892 forma
1379 3845 1688 3904 abbreviata,
1735 3861 1803 3891 nn

861 3920 1210 3980 po’maggiore
1242 3920 1291 3965 di
1324 3920 1397 3966 cio
1429 3921 1521 3967 ohe
1562 3937 1592 3967 a
1637 3921 1804 3981 rigore

863 3995 1263 4054 comporterebbe
1281 3996 1327 4040 lo
1346 3995 1513 4055 spazio
1531 3995 1582 4041 di
1598 3996 1655 4054 G,
1670 4011 1803 4042 men-

860 4075 937 4114 tre
961 4068 1013 4113 in
1036 4070 1076 4114 Τ
1102 4085 1195 4114 non
1219 4070 1515 4116 basterebbe
1547 4085 1578 4116 a
1606 4070 1803 4130 riempi·

861 4158 915 4190 re
941 4143 976 4189 il
1005 4149 1174 4203 vuoto;
1196 4160 1278 4190 ma
1303 4149 1479 4205 questa
1502 4144 1801 4205 divergenza

1893 3330 2058 3372 stesso,
2088 3328 2278 3370 mostra
2310 3328 2494 3384 quanto
2519 3325 2598 3371 sia
2627 3340 2758 3373 vano
2796 3326 2835 3373 il

1892 3414 2091 3446 cercare
2116 3414 2181 3446 un
2205 3398 2404 3445 criterio
2426 3399 2463 3444 11
2487 3399 2679 3447 dentre.

1981 3475 2018 3535 ²)
2051 3475 2152 3522 Con
2176 3480 2352 3535 questo
2377 3473 2476 3520 mio
2500 3480 2656 3535 punto
2679 3475 2837 3522 escla-

1891 3549 2094 3609 mativo,
2120 3565 2148 3595 a
2168 3548 2246 3595 cui
2278 3547 2571 3595 attribuisco
2600 3563 2669 3595 un
2698 3547 2837 3596 valo-

1892 3641 1947 3671 re
1995 3624 2130 3670 assai
2170 3628 2470 3682 temperato,
2509 3622 2575 3668 ho
2618 3621 2835 3683 imposte

1893 3696 2098 3743 silenzio
2129 3695 2177 3742 al
2208 3695 2403 3754 dubbio,
2436 3695 2627 3742 natomi
2658 3694 2832 3756 prima,

1893 3771 1984 3816 che
2034 3773 2234 3829 potesse
2287 3769 2474 3814 essersi
2528 3768 2739 3829 perduto
2784 3768 2835 3815 al

1891 3842 2132 3905 principio
2165 3842 2246 3888 del
2277 3842 2479 3902 periodo
2503 3857 2571 3889 un
2594 3843 2755 3891 ⁴Naaem'
2771 3840 2836 3888 od

1894 3934 1958 3965 un
1985 3919 2128 3965 enim.

1981 3993 2018 4051 3)
2051 3991 2150 4038 Ofr.
2174 3992 2344 4053 II,1v,
2370 3994 2400 4038 4
2424 4008 2450 4039 e
2476 4005 2552 4052 1x,
2576 3995 2620 4039 2.

1978 4068 2016 4127 4)
2050 4066 2090 4113 Ο
2115 4081 2252 4112 come
2278 4067 2379 4113 mai
2410 4067 2448 4112 il
2479 4066 2609 4114 Giul.
2640 4064 2772 4112 senti
2795 4065 2839 4112 il

1893 4140 2103 4203 bisogno
2129 4141 2179 4187 di
2198 4156 2436 4202 surrogar
2456 4135 2836 4201 comprehendi?
2873 4183 2880 4190 .
