2996 4640
780 577 886 614 ΜΒ.
927 559 972 630 Ι,
1007 552 1131 615 cst.
1171 577 1331 635 xvng,
1372 560 1434 630 45
1475 579 1599 632 xlx,
1643 564 1693 616 2.
2115 562 2216 616 101

246 728 477 785 videtur
507 731 763 803 nug-atio,
795 751 925 788 cum
956 733 1115 787 curia
1145 751 1454 788 careamus.
1489 733 1582 788 Ad
1616 734 1768 804 quod
1794 733 1963 788 facile
1992 751 2223 805 respon-

248 823 431 880 detur.
464 826 640 896 Nam,
674 827 813 882 licet
846 827 1031 899 curia,
1066 828 1375 883 secundum
1418 829 1570 899 quod.
1606 829 1778 885 unica
1818 829 2120 901 accipitur,
2154 834 2220 882 ut

246 922 405 978 curia
437 924 588 994 regis
616 923 937 995 Alamanie,
969 925 1030 980 in
1063 926 1261 980 Ytalia
1292 943 1409 979 non
1450 926 1540 994 sit,
1581 927 1836 980 membra
1869 932 2061 981 tamen
2095 926 2215 979 eius

245 1036 361 1074 non
395 1018 603 1076 desunt
615 1041 627 1091 ;
652 1021 690 1091 ¹)
723 1027 780 1077 et
811 1023 962 1077 sicut
990 1021 1248 1079 membra
1280 1023 1435 1077 illius
1468 1041 1582 1077 uno
1614 1023 1876 1095 principe
1914 1023 2212 1091 uniuntur,

247 1117 327 1171 sic
359 1119 614 1173 membra
644 1119 814 1174 huius
841 1120 1094 1190 gratioso
1125 1118 1343 1173 lumine
1374 1119 1615 1174 rationis
1646 1121 1813 1174 unita
1845 1124 1995 1174 sunt.
2030 1119 2216 1183 Quare

243 1213 454 1269 falsum
486 1220 634 1269 esset
665 1216 850 1270 dicere
890 1217 1048 1270 curia
1082 1235 1271 1270 carere
1319 1216 1544 1285 Ytalos,
1590 1235 1920 1288 quanquam
1952 1215 2214 1288 principe

244 1327 554 1382 careamus;
604 1313 876 1385 quoniam
917 1313 1134 1368 curiam.
1178 1312 1475 1383 habemuS,
1526 1312 1662 1366 licet
1718 1313 2090 1385 corporaliter
2139 1313 2215 1366 sit

243 1405 517 1481 dispersa.

425 1657 542 1694 XIX.
587 1639 740 1707 Quod
760 1637 805 1704 ²)
841 1641 1333 1712 ydz‘omatoeitalica
1371 1641 1444 1694 ad
1482 1661 1643 1694 unum
1681 1641 2032 1710 reducuntur,

746 1747 797 1792 ‘et
833 1738 970 1793 illud
990 1740 1028 1807 ³)
1068 1738 1373 1810 appellat-ur
1412 1738 1648 1793 latinum.
1671 1742 1711 1807 ⁴)

430 1927 472 1980 1.
512 1927 639 1982 Hoc
673 1930 864 1981 autem
886 1927 1140 1999 vulgare,
1172 1926 1325 1999 quod.
1354 1926 1590 1997 illustre,
1621 1925 1922 1996 cardinale,
1964 1926 2213 1981 aulicum

238 2020 406 2094 esse⁵)
439 2028 496 2078 et
523 2025 735 2079 curiale
770 2031 1062 2080 ostensum
1097 2029 1198 2095 est,
1230 2023 1474 2079 dicimus
1497 2042 1615 2079 esse
1635 2022 1780 2077 illud.
1803 2022 1956 2094 quod
1975 2025 2213 2094 vulgare

235 2117 483 2177 latinum
503 2121 545 2189 ⁶)
576 2120 915 2192 appellatur.
945 2121 1123 2190 Nam,
1158 2120 1308 2175 sicut
1346 2119 1635 2191 quoddam
1666 2119 1904 2190 vulgare
1936 2125 2022 2174 est
2054 2120 2213 2175 inve-

358 2260 403 2311 ³1.
427 2275 463 2310 11
479 2276 600 2318 facile
621 2277 641 2311 e
664 2277 831 2321 supplito
849 2278 889 2312 in
914 2278 949 2312 G
972 2277 1059 2312 nell⁷
1079 2277 1294 2319 inter-linea,
1320 2277 1359 2311 di
1379 2276 1559 2310 scribtura
1582 2275 1741 2309 minuta.
1810 2276 1844 2308 3.
1872 2275 1906 2308 G
1925 2275 2050 2310 italia.
2121 2278 2154 2310 4.
2181 2277 2216 2310 Gr

235 2334 388 2369 desinit.
413 2335 462 2369 In
486 2336 518 2369 T
540 2345 608 2370 ora
641 2337 671 2370 s’
693 2337 743 2370 ha.
776 2337 904 2371 chiaro
928 2339 1083 2377 desunt;
1113 2348 1175 2371 ma
1195 2347 1263 2379 per
1288 2336 1415 2370 efflato
1439 2336 1478 2369 di
1501 2346 1552 2369 un
1576 2336 1716 2369 ritocco
1740 2335 1954 2376 corrottore,
1981 2335 2213 2369 esercitatosi

235 2404 282 2428 su
303 2394 362 2429 oio
384 2395 454 2429 che
476 2394 624 2430 ‹loveva
647 2405 749 2430 esser
766 2396 903 2430 desiuit
923 2396 1038 2440 (certo
1062 2406 1135 2429 nou
1158 2395 1321 2436 desinit).
1414 2397 1447 2428 5.
1473 2395 1506 2429 G
1525 2396 1591 2436 hi’,
1613 2405 1687 2428 non
1707 2395 1943 2439 illegittim03
1970 2406 2031 2429 ma
2054 2396 2152 2429 sotto
2176 2395 2214 2428 al

234 2465 351 2502 aeguo
381 2456 417 2490 (Γ
431 2457 720 2492 ‘abbreviazione
755 2467 808 2491 un
837 2458 968 2500 punto,
996 2456 1067 2490 che
1100 2455 1286 2497 part-ebbe
1309 2454 1452 2489 volerlo
1481 2455 1694 2495 annullare,
1723 2455 1771 2489 da
1803 2455 1980 2491 ritenersi
2010 2455 2050 2488 di
2085 2464 2214 2498 prove*-

234 2516 370 2551 menna.
389 2517 617 2560 posterlore3
643 2518 693 2561 (T
729 2517 838 2560 hui').
918 2515 1180 2563 [Sottolmeato
1202 2515 1242 2548 in
1266 2514 1302 2548 Gr
1330 2515 1494 2557 yratioeo
1519 2515 1662 2549 lumine
1679 2514 1868 2558 rationis]
1961 2517 1992 2549 8.
2019 2515 2050 2547 T
2071 2516 2212 2556 dispxa.

235 2575 270 2610 9.
294 2574 403 2619 Dopo
425 2577 531 2621 Quod
549 2579 580 2610 ε’
595 2578 616 2611 e
638 2577 794 2611 lasciato
811 2577 852 2610 in
872 2577 903 2610 T
926 2585 1002 2609 uno
1024 2576 1151 2618 spazio
1174 2575 1319 2616 bisiuco,
1336 2584 1440 2609 come
1459 2584 1525 2617 per
1543 2584 1619 2608 una
1636 2574 1777 2617 par-ola.
1811 2575 1818 2581 ”
1847 2575 1882 2608 G
1900 2576 2052 2619 ytalica.
2113 2576 2145 2608 Τ
2166 2575 2215 2607 ha

235 2634 295 2668 fra
323 2634 454 2670 italica
474 2645 496 2669 6
525 2637 577 2670 ad
598 2646 652 2670 un
678 2637 704 2670 d
727 2635 874 2678 molam,
900 2645 946 2670 su
973 2635 1035 2668 cui
1058 2636 1089 2668 c'
1108 2635 1128 2667 e
1147 2644 1199 2667 un
1221 2634 1326 2676 apice
1359 2633 1552 2675 vex-ticam,
1573 2633 1613 2666 di
1636 2633 1752 2666 minio
1782 2642 1895 2666 aucor
1915 2643 2009 2675 esso,
2031 2634 2101 2667 che
2123 2635 2216 2666 avi-a

235 2694 336 2730 forse
357 2706 434 2731 una
454 2697 552 2731 mira
573 2696 836 2731 annullatrice.

237 2756 293 2790 13.
317 2756 352 2790 G
377 2757 491 2800 latin,
518 2758 550 2791 Τ
576 2757 725 2792 latium.
795 2757 828 2790 T
851 2756 947 2790 simet
968 2765 1000 2799 ss·
1017 2755 1151 2798 gdam.

323 2885 362 2944 1)
391 2885 445 2930 L’
461 2899 582 2932 aver
633 2885 671 2930 il
725 2885 804 2929 Tr.
858 2883 1080 2929 tradotto
1134 2882 1178 2927 le

236 2948 456 3006 firm-bra
480 2973 564 3006 suc
574 2959 700 3019 perh
721 2973 829 3005 ηωη
842 2961 884 3005 ci
907 2971 1176 3019 mancanw,

235 3049 334 3081 non
358 3034 504 3082 basto
527 3033 612 3094 qui
633 3049 664 3079 6
688 3033 797 3080 fare
823 3036 1021 3079 accorto
1046 3031 1178 3077 della

235 3109 399 3158 verita
419 3110 458 3156 il
496 3109 652 3166 Oorb„
681 3107 947 3166 affogatosi
973 3108 1024 3151 in
1065 3104 1178 3164 quel

238 3185 489 3232 cncchiaio
529 3184 575 3229 d’
593 3198 750 3243 acqua.
789 3182 869 3230 del
910 3182 1103 3227 desinit.
1134 3179 1176 3223 Ε

236 3259 302 3306 da
324 3263 499 3320 questo
522 3259 765 3306 vocabolo
788 3271 886 3303 non
912 3253 1177 3315 sapendosi

235 3333 514 3394 spiccicare,
536 3333 588 3379 in
609 3327 837 3392 ossequio
862 3329 996 3377 della
1015 3342 1177 3388 gram-

235 3406 419 3453 matica.
459 3408 576 3468 (non
617 3405 835 3452 davvero
885 3403 967 3448 del
1006 3401 1172 3458 senso)

236 3481 336 3541 egli
359 3481 496 3528 muto
518 3481 570 3526 in
593 3481 862 3527 ‘membrum
883 3477 920 3523 il
943 3476 1176 3522 membra.

235 3557 310 3602 La
327 3555 615 3616 sciagurata
638 3553 826 3601 lezione
843 3552 967 3599 ebbe
993 3553 1177 3595 corret-

233 3635 343 3678 tore
365 3631 402 3677 il
431 3631 587 3691 Torri‚
612 3628 883 3676 sussidiato
908 3627 972 3672 da
997 3626 1055 3671 V.

322 3706 362 3767 2)
391 3707 598 3752 Omesso
622 3703 704 3750 dal
729 3703 856 3750 Giul.

323 3781 360 3840 3)
389 3779 518 3827 Giul.
548 3780 862 3837 reducuntur,
895 3778 1039 3837 quod.

321 3857 359 3916 ⁴)
390 3853 546 3913 Tou-i,
557 3855 794 3900 Latinum
803 3854 1029 3911 Vulgare,
1039 3865 1177 3911 pren·

235 3929 394 3975 dendo
423 3930 474 3975 16.
498 3927 675 3988 giunta
699 3927 776 3973 da·
793 3926 849 3973 V.

323 4004 361 4063 ⁵)
390 4003 470 4048 Tr.
497 4015 665 4061 essere,
696 4001 862 4047 sicehe
888 4014 985 4045 non
1012 3999 1054 4045 si
1079 3997 1175 4058 puo

234 4078 319 4126 far.
337 4076 515 4125 merito
540 4075 590 4121 al
612 4075 754 4122 Corb.
781 4075 862 4120 del
886 4088 975 4120 suo
1002 4085 1115 4119 esse.

323 4150 364 4212 6)
396 4151 488 4207 Qui
513 4150 554 4196 c’
571 4150 596 4195 e
622 4149 684 4195 da
705 4149 950 4195 rimanere
974 4146 1056 4207 piu
1084 4145 1174 4191 che

918 2696 1036 2729 11-12.
1062 2695 1094 2728 Τ
1118 2694 1287 2728 aulicum
1311 2693 1332 2728 ’ἑ
1351 2697 1393 2735 et,
1422 2694 1456 2728 Gr
1476 2693 1644 2727 aulicum
1668 2696 1718 2726 est
1735 2696 1777 2726 et.

1864 2694 1917 2726 12.
1940 2693 1975 2726 G
1995 2696 2213 2727 oslcnssum.

1266 2878 1366 2925 mai
1396 2878 1634 2924 titubanti
1675 2877 1754 2923 fra
1783 2877 1820 2922 il
1849 2879 2059 2923 latinum
2099 2893 2215 2923 avu-

1267 2953 1365 2998 tosi
1390 2953 1548 2999 finora
1571 2967 1597 2998 6
1625 2954 1817 2998 latiam.
1850 2952 1945 2997 Per
1977 2954 2087 3011 quel
2122 2954 2210 2998 che
2253 2978 2255 2981 <

1267 3032 1434 3087 spetta
1472 3028 1572 3073 alla
1611 3026 1927 3085 materialita‚
1961 3026 1997 3071 il
2040 3029 2213 3072 latium

1267 3101 1317 3146 di
1341 3103 1380 3147 T
1403 3101 1499 3160 puo
1527 3115 1692 3147 essere
1717 3100 2136 3145 frantendimento
2163 3100 2211 3145 di

1267 3190 1333 3221 un
1357 3177 1506 3231 latim
1538 3190 1619 3219 ma
1649 3175 1676 3219 e
1707 3174 1966 3233 maggiore
1991 3175 2041 3219 la
2073 3189 2212 3219 vero-

1266 3248 1579 3307 simiglianza
1621 3248 1710 3293 che
1753 3261 2010 3307 provenga
2050 3247 2112 3291 da
2144 3262 2208 3292 un

1265 3324 1393 3369 latia
1437 3322 1473 3367 il
1512 3324 1637 3368 ῑαέἰῆ
1668 3321 1719 3366 di
1763 3322 1819 3367 G.
1861 3321 1902 3365 Ε
1942 3323 2062 3367 latio
2106 3324 2209 3366 vul-

1265 3399 1377 3457 9arz‘
1400 3410 1552 3456 parve
1577 3395 1626 3439 di
1651 3395 1802 3440 dover
1828 3394 2044 3440 scrivere
2067 3408 2132 3454 xr,
2159 3398 2206 3454 13

1266 3472 1328 3517 ed
1381 3469 1593 3516 esercita
1636 3468 1901 3514 un’azione
1949 3468 1985 3512 il
2033 3471 2208 3528 volyar

1265 3547 1390 3591 lazio
1421 3544 1532 3590 dell’
1552 3543 1724 3589 ultima
1757 3547 1930 3588 stanza
1962 3542 2091 3588 della
2123 3545 2203 3590 Te-

1263 3622 1405 3679 saido,
1422 3618 1730 3665 menzionato
1752 3616 1834 3676 qui
1845 3620 2006 3662 stesso
2023 3616 2075 3662 in
2086 3623 2205 3664 nota

1265 3695 1346 3740 dal
1373 3693 1526 3749 Corb.,
1553 3706 1607 3738 se
1633 3692 1759 3736 lazio
1785 3691 1810 3735 6
1834 3690 1904 3736 ivi
1926 3692 2201 3749 aggettivo.

1263 3769 1450 3814 Inoltre
1511 3765 1618 3811 dice
1678 3765 1925 3824 qualcosa,
1989 3765 2202 3813 sebbene

1263 3857 1407 3888 meno
1440 3840 1488 3885 di
1520 3839 1632 3899 quel
1662 3839 1751 3884 che
1783 3837 2023 3897 parrebbe
2051 3856 2079 3885 a
2104 3841 2201 3899 pri-

1263 3932 1344 3963 ma
1371 3917 1544 3976 giunta
1583 3928 1670 3973 per
1711 3912 1794 3959 via
1824 3912 2200 3959 dell’intromis-

1265 3992 1400 4038 sione
1433 3990 1559 4034 d’un
1585 3990 1812 4033 concetto
1836 3987 2133 4047 geografico,
2163 3990 2199 4033 il

1262 4064 1567 4112 semilatium.
1584 4061 1675 4106 che
1699 4074 1896 4106 occorre
1921 4065 2068 4107 sotto.
2086 4063 2200 4106 Dal-

1262 4141 1426 4186 l'altra
1439 4140 1578 4197 parte
1589 4135 1685 4194 pub
1701 4133 1976 4179 attribuirsi
1993 4137 2197 4194 qualche

2266 1116 2300 1168 σι

2269 1745 2369 1810 10,
