2996 4640
849 585 955 622 Lm.
998 569 1048 639 Ι,
1090 586 1205 624 GAP.
1250 587 1379 639 xm,
1425 571 1542 624 2-4.
2119 572 2188 626 75

219 735 378 792 Urbe
425 736 647 807 Veteri,
697 739 984 809 Viherbio,
1009 738 1046 809 ¹)
1105 759 1210 794 nec
1260 759 1376 795 non
1432 742 1501 797 de
1541 743 1791 798 Civitate
1841 742 2188 814 Oasbellana,

213 837 450 906 propter
475 833 846 907 adfinitatem,
865 855 1036 908 quam
1064 856 1195 892 cum
1213 838 1491 894 Romanis
1523 845 1580 894 eb
1605 839 1932 912 Spoletanis
1958 839 2192 910 habent,

212 930 394 986 nichil
442 936 690 988 tractare
740 933 1111 989 intendimus.
1191 936 1240 988 3.
1285 934 1397 988 Sed
1447 953 1777 1006 quanquam
1822 935 1941 990 fere
1998 954 2192 991 omnes

213 1028 387 1084 Tusci
423 1028 486 1084 in
536 1049 637 1085 suo
685 1031 1038 1103 turpiloquio
1084 1032 1208 1086 ’sini-2
1253 1032 1468 1104 obtusi,
1490 1029 1529 1101 ²)
1581 1034 1889 1089 nonnullos
1933 1033 2193 1105 vulgaris

215 1126 611 1181 excellenciam
658 1128 992 1202 cognovisse
1042 1127 1336 1197 sentimus,
1363 1126 1402 1197 3)
1451 1128 1671 1183 scilicet
1710 1129 2050 1201 Guidonem,
2092 1130 2196 1183 La-

213 1241 353 1296 pum
371 1221 412 1294 ⁴)
443 1228 501 1278 et
546 1242 727 1279 unum
777 1207 978 1295 alium,
1011 1225 1372 1297 florentinOS,
1407 1230 1464 1279 eb
1512 1227 1721 1281 Cinum
1767 1227 2190 1299 pistoriensem,

215 1340 385 1393 quem
414 1340 571 1376 nunc
601 1322 841 1395 indigne
874 1326 1302 1397 posbponimuS,
1329 1343 1446 1380 non
1473 1325 1712 1396 indigne
1739 1329 1938 1381 ooacbi.
1967 1328 2194 1398 Ihaque,

214 1418 263 1478 si
302 1424 571 1473 ssusoanas
609 1420 1000 1474 examinemus
1038 1420 1324 1491 loquelas,
1367 1440 1495 1475 cum
1537 1441 1838 1493 pensemus
1868 1420 1906 1492 ὃ)
1948 1425 2195 1494 qualiter

212 1515 327 1585 viri
363 1515 735 1589 prehonorabi
774 1535 807 1572 a
845 1517 1083 1590 propria
1121 1517 1505 1590 diverterunt,
1545 1537 1663 1572 non
1700 1524 1882 1574 reshafi
1922 1521 1984 1574 in
2018 1520 2192 1575 dubio

215 1613 357 1685 quin
395 1613 554 1667 aliud
591 1613 668 1667 sib
706 1614 946 1686 vulgare
985 1615 1146 1695 quod*
1179 1615 1485 1685 querimUS,
1540 1635 1714 1687 quam
1746 1617 1899 1688 quod
1951 1619 2195 1690 athingib

213 1709 460 1784 populus
490 1710 901 1766 Tuscanorum.
976 1713 1029 1765 4.
1071 1711 1134 1766 Si
1169 1713 1298 1783 quis
1330 1718 1524 1767 aui-‚em
1554 1714 1706 1784 quod
1732 1714 1801 1768 de
1828 1715 2028 1770 Tuscis
2052 1734 2197 1770 asse-

212 1807 395 1863 rimus
433 1807 503 1861 de
539 1807 922 1863 Ianuensibus
969 1809 1337 1864 asserendum
1376 1829 1495 1864 non
1533 1815 1722 1882 puteb,
1763 1810 1871 1866 hoc
1911 1813 2096 1866 solum
2134 1814 2195 1867 in

178 1890 186 1896 ”
213 1907 403 1958 mente
422 1908 666 1976 premat,
709 1903 862 1974 quod
886 1903 932 1958 si
960 1923 1063 1976 per
1089 1905 1440 1960 oblivionem
1466 1906 1777 1962 Ianuenses
1805 1907 2143 1963 amitterent,
2159 1907 2196 1978 6)

345 2080 378 2114 1.
402 2077 438 2114 G
461 2078 663 2113 cantelam.
734 2078 768 2109 3.
788 2075 821 2108 Τ
839 2075 974 2118 servis,
1000 2075 1042 2109 in
1064 2075 1211 2110 cambio
1234 2074 1274 2108 di
1290 2076 1374 2118 sere
1397 2076 1471 2119 053,
1497 2085 1519 2110 o
1535 2077 1619 2118 fere
1644 2077 1697 2111 δε.
1764 2080 1797 2112 4.
1820 2079 1856 2113 G
1875 2079 1907 2113 T
1932 2082 2053 2124 tuaciJ'.
2115 2082 2150 2116 G
2169 2082 2200 2115 T

211 2138 315 2182 turpi
337 2137 476 2182 loquio,
496 2136 652 2181 [riunito
669 2136 709 2170 in
726 2135 788 2180 GJ.

210 2198 244 2233 T
262 2198 410 2241 lupum,
439 2196 486 2240 [T
505 2196 663 2240 lupum).
756 2198 788 2229 6.
813 2195 846 2229 T
870 2195 1022 2230 oiuum.

837 2135 870 2169 Τ
890 2135 934 2169 ob
952 2135 1039 2178 tusi,
1055 2135 1089 2169 G
1109 2136 1270 2175 obtusci5
1291 2136 1340 2178 [G
1355 2137 1510 2171 *obtusa
1523 2138 1578 2180 f]-

1649 2140 1682 2173 5.
1696 2138 1732 2172 G
1749 2140 2000 2174 excelentiam.
2069 2143 2144 2177 5-6.
2166 2143 2200 2176 G

1114 2197 1147 2229 8.
1174 2195 1209 2230 G
1229 2196 1261 2229 T
1283 2206 1516 2238 opememus.
1587 2200 1620 2231 9.
1647 2198 1679 2231 Τ
1698 2198 1894 2241 dapprima
1910 2201 1992 2236 uiri
2015 2202 2199 2243 honorati,

209 2257 368 2295 insol-ito
385 2257 449 2301 poi
462 2259 491 2304 ᾖ
510 2256 611 2291 dano
633 2257 754 2291 stesso
771 2255 1021 2290 trascribbore.
1092 2256 1146 2289 10.
1173 2255 1208 2289 Il
1226 2256 1463 2291 trascrittore
1488 2257 1528 2291 di
1552 2258 1587 2292 G
1614 2260 1643 2292 s*
1658 2269 1723 2292 era
1740 2259 1897 2294 lasciato
1916 2261 2055 2296 andare
2074 2273 2097 2296 a
2112 2264 2200 2297 scri-

209 2326 300 2353 vere
315 2317 410 2362 quin
427 2317 550 2358 maia·
564 2317 628 2360 poi
646 2316 795 2350 raschio
810 2316 840 2349 il
856 2317 893 2356 d,
912 2325 934 2349 e
951 2324 999 2350 no
1021 2325 1249 2358 sovrappose
1267 2326 1342 2350 uno
1360 2316 1424 2350 all’
1444 2326 1469 2351 α
1477 2332 1491 2357 ,·
1511 2316 1557 2362 (T
1576 2317 1665 2352 dall’
1681 2319 1826 2363 origine
1845 2321 1909 2354 ad'
1929 2321 2004 2366 sit).

209 2377 423 2420 mtermdo,
447 2375 619 2411 derivato
642 2375 731 2410 dall’
745 2374 1033 2409 abbreviazione
1057 2375 1178 2409 svessa
1195 2375 1264 2410 che
1283 2375 1458 2410 abbiamo
1477 2376 1516 2409 in
1533 2376 1580 2410 G:
1601 2380 1802 2412 mee-reond&

209 2440 336 2472 terent.

208 2597 328 2642 mer,
365 2582 517 2628 Ueber
539 2594 641 2626 ecc.
665 2595 712 2640 p.
742 2581 808 2638 11,
833 2594 879 2625 n.
905 2589 946 2637 ι,
973 2579 1046 2625 ου’
1072 2580 1160 2624 elle

209 2657 416 2716 (Cosano
433 2671 462 2701 a
483 2660 683 2714 stampa
698 2654 880 2713 ou’ello,
898 2668 980 2698 ma
1001 2653 1020 2697 i
1041 2667 1157 2698 mss.

208 2731 394 2790 welle),
436 2734 630 2775 mentre
669 2742 759 2789 per
797 2733 940 2788 parte
982 2741 1074 2774 sua
1116 2728 1155 2773 si

149 2842 153 2846 .
207 2805 406 2851 sentiva
440 2808 636 2851 tentato
667 2802 719 2848 di
751 2802 971 2849 scrivere
1000 2802 1157 2847 avale.

208 2879 271 2926 Di
291 2880 441 2927 avelle
459 2878 496 2924 il
517 2878 763 2924 Boehmer
781 2892 879 2923 non
906 2877 947 2923 si
970 2881 1160 2941 mostra

206 2967 359 3000 anoor
387 2967 520 3014 pago
546 2954 604 2998 R.
630 2953 715 3009 St„
747 2950 1042 3011 parendogli
1067 2951 1157 2996 che

206 3041 308 3073 nonv
334 3026 497 3073 faccia
527 3026 578 3071 al
610 3040 742 3072 caso.
774 3026 884 3072 Non
909 3025 959 3070 la
984 3039 1158 3084 pense-

206 3116 364 3149 ranno
381 3101 485 3148 cosl
499 3101 518 3146 i
532 3100 662 3147 tanti
680 3101 770 3147 che
790 3114 945 3146 sanno
971 3100 1022 3144 di
1041 3114 1160 3146 aver

209 3176 347 3223 detto
370 3190 543 3237 spesso
563 3192 593 3222 a
615 3191 680 3221 un
701 3175 873 3234 amico,
890 3174 1039 3221 ‹Vuoi
1069 3175 1159 3219 che

209 3243 438 3297 audiamo
473 3251 526 3296 in
565 3250 773 3309 qualche
812 3249 993 3309 luogo?
1019 3270 1038 3291 »
1084 3249 1160 3293 Da

207 3329 382 3371 notare
407 3325 498 3371 che
522 3325 558 3370 1’
574 3325 774 3385 Oriyine
796 3326 864 3371 ha
888 3327 1025 3372 stelle.

297 3399 335 3459 ¹)
374 3399 538 3460 Corb.,
590 3399 754 3445 subito
810 3404 1027 3446 corretto
1079 3399 1162 3444 dal

209 3473 392 3534 Maffei,
419 3475 480 3519 de
505 3475 709 3520 Petusio
739 3475 872 3533 urbe,
903 3475 1054 3521 veteri
1087 3475 1163 3521 Vi-

209 3548 377 3594 terbio.
409 3548 453 3593 Il
484 3548 614 3594 Giul.
652 3562 809 3608 pensa.
848 3549 938 3595 che
987 3553 1161 3608 quesho

210 3621 416 3680 periodo
437 3622 515 3668 sia
535 3623 619 3682 qui
643 3623 821 3670 affatbo
845 3625 955 3669 fuor
981 3623 1030 3668 di
1050 3637 1162 3683 pro-

209 3695 396 3756 posit03
420 3696 458 3742 il
482 3697 572 3742 che
603 3697 769 3743 indica
801 3699 909 3744 solo
942 3698 1032 3743 che
1064 3711 1163 3741 non

209 3770 278 3816 ha.
301 3771 335 3816 Ρ
350 3770 466 3818 idea
489 3772 541 3817 di
562 3772 676 3833 quel
700 3772 791 3818 che
817 3773 858 3818 s’
874 3772 1160 3819 intendesse

208 3843 301 3904 per
323 3846 565 3893 Tuscana.

298 3919 342 3980 ²)
359 3920 531 3966 Anche
555 3920 592 3966 il
614 3922 694 3967 Tr.
712 3923 853 3982 (poco
879 3922 924 3967 ci
939 3922 1117 3968 voleva
1132 3922 1162 3980 2)

212 3992 395 4059 witus&
421 3994 713 4040 oobtusffiv.

273 4065 342 4124 -³)
364 4066 444 4111 Tr.
476 4067 537 4112 Ιιὸ
569 4068 774 4126 vedutw3
806 4083 833 4114 e
865 4069 983 4129 pero
1013 4069 1160 4127 Fran,

213 4137 370 4198 Torri,
394 4139 538 4200 Giul„
563 4143 813 4200 sensimus,
831 4143 1166 4201 giustamente

2088 2323 2142 2357 12.
2167 2325 2199 2356 Τ

1893 2382 1947 2414 13.
1964 2380 1998 2414 Gr
2026 2382 2199 2423 ‹tmlfmit-

1249 2579 1504 2639 riprovato
1538 2580 1621 2626 dal
1653 2581 1823 2642 Witte,
1851 2584 1902 2628 J.
1929 2585 2000 2642 L„
2034 2599 2121 2643 per
2151 2585 2201 2631 la

1249 2654 1453 2713 ragione
1472 2660 1636 2702 stessa
1659 2656 1740 2701 del
1771 2663 1930 2704 senso.
1951 2658 2002 2702 Si
2017 2658 2133 2704 badi
2152 2660 2201 2704 di

1249 2729 1329 2774 chi
1354 2729 1396 2774 si
1423 2731 1577 2789 parla.
1595 2730 1808 2777 Diverso
1833 2731 1858 2776 e
1881 2732 1963 2778 nel
1985 2732 2200 2791 capitolo

1250 2809 1504 2862 seguente,
1533 2806 1575 2863 2,
1611 2804 1647 2849 il
1682 2819 1798 2851 caso
1825 2805 1875 2850 di
1910 2808 2200 2852 audivimus.

1337 2879 1374 2938 4)
1400 2879 1711 2924 Nonostante
1742 2878 1780 2924 il
1811 2881 1963 2939 Lapa)
1997 2878 2077 2926 del
2107 2881 2200 2939 Tr„

1249 2954 1447 3011 Lupum
1490 2950 1654 3013 passo
1685 2954 1819 3000 nella
1868 2959 2065 3015 stampa
2122 2955 2201 3000 del

1249 3028 1391 3074 Corb.
1419 3043 1444 3074 e
1469 3029 1603 3074 nella
1630 3028 1873 3090 ristampa
1905 3029 1985 3076 del
2018 3031 2200 3077 Maffei.

1251 3104 1377 3149 Esso
1409 3103 1610 3150 divento
1640 3104 1859 3163 peraltro
1892 3104 1976 3163 gi&
2002 3107 2201 3163 Lapum

1250 3178 1382 3224 nella
1408 3181 1459 3223 la
1480 3179 1555 3224 ed.
1579 3180 1827 3239 Pasquali,
1847 3195 1939 3240 pur
1961 3181 2197 3240 dovendo‚

1252 3253 1411 3311 credo,
1440 3259 1694 3313 aspettare
1720 3254 1757 3298 il
1781 3255 1914 3299 Frat.
1940 3269 2027 3313 per
2054 3271 2201 3314 appa-

1251 3327 1348 3374 rire
1388 3342 1454 3373 un
1492 3343 1634 3373 nome
1674 3344 1703 3373 a
1745 3329 1812 3384 se,
1841 3343 1866 3373 e
1891 3343 1988 3374 non
2021 3344 2086 3374 un
2118 3344 2202 3374 an-

1252 3417 1399 3448 nesso
1426 3418 1451 3447 e
1478 3416 1718 3448 connesso
1746 3402 1794 3447 di
1821 3402 2110 3448 Guidoraem.

1340 3478 1377 3536 5)
1404 3476 1547 3522 Corb.
1592 3490 1975 3535 compensemus,
2023 3492 2202 3535 aggra-

1252 3550 1414 3613 vando
1463 3550 1499 3594 il
1548 3554 1754 3609 peccato
1796 3564 1885 3595 con
1924 3564 2024 3595 una
2066 3555 2199 3597 nota.

1253 3627 1485 3670 Cori-esse
1518 3625 1726 3669 l’errore
1757 3623 1794 3669 11
1823 3623 2017 3669 Dionisi
2053 3639 2202 3670 anno-

1253 3700 1404 3744 tando
1437 3699 1475 3743 il
1504 3714 1550 3744 v.
1580 3699 1636 3743 18
1666 3698 1745 3743 del
1774 3698 1983 3744 Carmen
2014 3698 2064 3742 di
2088 3698 2201 3744 Grio-

1253 3773 1406 3819 vanni
1422 3772 1502 3818 del
1522 3772 1731 3831 Virgilio
1749 3787 1780 3817 a
1796 3773 1959 3817 Dante
1976 3772 2199 3831 (Anedd,

1254 3847 1337 3903 IV,
1354 3846 1424 3904 2);
1453 3860 1478 3890 0
1504 3845 1636 3891 della
1661 3845 1947 3894 correzione
1971 3847 2202 3905 approfit-

1254 3920 1327 3977 to,
1353 3918 1510 3978 primo
1538 3918 1674 3976 degli
1699 3918 1896 3978 editori,
1923 3918 1961 3963 il
1983 3920 2140 3966 Torri.

1343 3993 1381 4050 C·)
1400 3985 1558 4041 FratJ'
1579 4006 1604 4037 e
1627 3991 1756 4038 Giul.
1775 3993 2115 4053 ammitterent,
2133 3994 2203 4039 in-

1257 4064 1573 4110 contrandosi
1582 4065 1918 4112 casualmente
1930 4067 2059 4112 nello
2069 4082 2202 4127 spro-

1258 4139 1422 4200 posito
1450 4154 1540 4184 con
1567 4139 1626 4185 G.

2247 1626 2317 1678 10
