2996 4640
769 601 876 638 Lm.
916 584 972 655 Ι,
1013 601 1130 638 ou.
1169 600 1275 661 xu,
1318 583 1443 652 7-83
1485 601 1606 654 xm,
1650 585 1698 637 1.
2146 583 2217 637 69

246 772 443 810 eorum
498 754 654 809 dicta
691 754 1175 827 perspicientibus
1197 753 1264 822 ¹),
1308 760 1374 808 ut
1426 759 1565 828 puta
1622 750 1953 822 Madonna²)
2009 754 2123 818 dire
2171 754 2226 806 vi

245 854 430 926 voglio,
451 849 489 923 ³)
526 858 584 906 et
622 854 728 907 Per
747 854 865 923 fino
891 872 1064 907 amore
1101 873 1163 906 vo
1200 856 1248 906 εὶ
1285 853 1564 907 letamente.
1609 851 1644 920 '⁴)
1732 853 1784 904 8.
1828 852 2219 922 Quapropter,

246 950 540 1022 superiora
566 949 906 1004 notantibus
937 950 1292 1004 innotescere
1330 949 1513 1018 debet,
1547 967 1733 1019 neque
1764 947 2024 1016 siculum,
2062 964 2168 999 nec
2189 941 2229 1014 5)

247 1046 483 1119 apulum
519 1067 639 1102 esse
681 1047 826 1102 illud
860 1046 1014 1118 quod.
1044 1047 1108 1100 in
1147 1045 1344 1101 Ytalia
1374 1047 1785 1118 pulcerrimum
1828 1051 1915 1100 est
1953 1045 2227 1117 vulgare,

246 1162 377 1200 cum
403 1145 734 1216 eloquentes
759 1143 1062 1215 indigenas
1091 1142 1504 1228 ostenderimus
1531 1162 1565 1197 a
1590 1143 1824 1214 proprio
1839 1139 1876 1209 Γ’)
1910 1141 2230 1196 divertisse.

443 1385 566 1423 xm.
611 1367 766 1430 Quod
804 1370 862 1422 in
901 1368 1123 1439 quolibet
1158 1367 1406 1420 idiomate
1444 1374 1565 1420 sunt
1604 1367 1788 1436 aliqua
1829 1367 2047 1438 turpia,

610 1466 700 1518 sed
727 1484 832 1537 pre
870 1465 1046 1517 ceteris
1084 1471 1284 1516 tuscum
1321 1471 1393 1515 est
1433 1463 1811 1532 turpissimum.
1830 1458 1866 1528 ⁷)

368 1666 379 1674 ·
399 1630 448 1684 1.
474 1629 616 1683 Post
640 1627 748 1681 hoc
769 1625 808 1695 8)
832 1624 1231 1695 νο11161111166ᾶ
1257 1624 1488 1694 Τι16666,
1511 1624 1627 1695 qui,
1651 1629 1889 1697 propter
1917 1625 2230 1679 amentiam

250 1745 412 1808 suam
442 1706 728 1796 infroniti,
762 1725 1000 1779 titulum
1032 1723 1144 1778 sibi
1176 1721 1433 1794 vulgaris
1462 1721 1703 1776 illustris
1736 1739 2004 1792 arrogare
2035 1721 2229 1776 viden-

379 1867 414 1901 2.
439 1865 472 1900 T
493 1866 647 1909 uolylio.
707 1865 745 1899 Gr
764 1875 792 1905 e,
819 1864 1058 1900 sottolineato
1080 1864 1123 1897 in
1145 1873 1250 1898 rosso
1272 1872 1356 1897 esso
1377 1871 1484 1905 pure.
1547 1863 1579 1895 3.
1601 1861 1801 1896 Ambedue
1822 1862 1837 1895 i
1859 1862 1979 1897 codici
2001 1872 2093 1906 ‘neq3
2163 1873 2228 1907 n3.

247 1927 287 1962 4.
312 1926 347 1963 G
370 1926 522 1971 vitalia,
545 1935 615 1960 con
638 1924 866 1967 espunzione
886 1923 973 1958 dell'
991 1924 1022 1958 i.
1085 1923 1119 1958 G
1144 1923 1176 1956 T
1194 1923 1461 1965 pulcerimum.
1510 1925 1543 1956 5.
1561 1922 1615 1955 Al
1632 1925 1741 1965 posto
1760 1922 1821 1956 del
1834 1923 2004 1966 proprio,
2024 1923 2066 1957 in
2084 1923 2229 1957 cambio

245 1985 344 2021 delle
373 1984 654 2020 abbreviazioni
678 1984 866 2026 consuete,
899 1985 930 2017 s‘
943 1983 995 2017 ha
1011 1983 1074 2016 nei
1103 1991 1192 2016 mss.
1218 1981 1383 2015 soltanto
1393 1990 1445 2023 po
1469 1981 1700 2015 sormontato
1729 1980 1778 2015 da
1800 1990 1852 2014 un
1882 1981 2007 2023 apice:
2043 1981 2149 2023 apice
2180 1982 2230 2014 ri-

245 2053 364 2079 curvo
385 2036 426 2079 in
449 2044 497 2087 G,
522 2042 702 2078 νει-1116616
723 2043 764 2076 16
795 2043 839 2076 Τ.
863 2042 960 2076 Pero
991 2042 1029 2075 16
1058 2042 1180 2084 quest'
1196 2041 1333 2075 ultimo
1355 2039 1437 2074 cod.
1468 2040 1615 2074 almeno
1638 2039 1821 2073 verrebbe
1841 2038 2013 2073 naturale
2032 2039 2060 2071 11
2079 2039 2229 2081 leggere

242 2104 384 2146 primo.
457 2105 490 2139 6.
515 2104 548 2137 Τ
571 2104 773 2148 ydiomate.
843 2104 878 2136 7.
903 2103 939 2137 Gr
955 2103 987 2136 Τ
1007 2106 1059 2137 eet
1077 2103 1249 2136 excolens.
1343 2102 1375 2134 8.
1401 2100 1436 2134 Gr
1455 2101 1487 2134 T
1506 2101 1557 2133 h’.

335 2231 373 2289 1)
398 2230 467 2276 Le
497 2229 606 2275 edd.
638 2232 789 2286 tutte,
823 2243 912 2287 per
942 2228 1083 2286 colpa
1114 2226 1193 2272 del

246 2305 404 2364 Oorb„
423 2304 852 2364 prospicientibus.

335 2380 375 2440 ²)
397 2380 525 2427 Nell’
551 2379 626 2425 ed.
664 2378 886 2439 principe
918 2376 1193 2421 Mando-na.

337 2455 375 2514 ³)
398 2453 516 2501 God.
566 2455 678 2500 Vat.
726 2452 845 2497 3793
866 2486 876 2508 ,
932 2449 1194 2495 Madonna

247 2529 356 2575 dire
382 2529 643 2588 uiuolylio,·
666 2527 771 2573 Pal.
800 2527 909 2582 418,
936 2525 1196 2570 Madonna

248 2605 548 2664 diruiuoylo;
571 2601 871 2649 Laur.-Red.
903 2602 951 2659 9,
983 2600 1198 2644 Madon-

247 2694 319 2726 na
333 2681 416 2726 dir
437 2679 659 2738 uouoqlo.
683 2677 753 2723 Le
781 2675 903 2734 edd„
925 2673 1192 2731 beninteso,

248 2755 344 2813 dir,
373 2753 512 2800 salvo
537 2752 589 2798 16
611 2750 980 2797 66111166111666.

335 2827 375 2887 4)
398 2825 515 2874 cod.
552 2826 666 2873 vat.
707 2825 908 2884 Per-sina
951 2837 1086 2869 more
1131 2837 1193 2868 uo

248 2904 403 2950 sialta
430 2903 611 2958 ment&
636 2901 741 2946 Pal.
773 2901 870 2944 Per
897 2899 997 2958 sino
1029 2909 1197 2943 amore

250 2991 350 3024 uao
365 2978 410 3025 si
424 2977 794 3036 alleyra‘mente:
816 2972 1003 3019 lezione
1021 2977 1197 3031 questa

251 3051 468 3098 seconde
491 3052 581 3096 che
605 3050 764 3096 116666
789 3048 840 3093 di
865 3047 985 3094 utile
1011 3046 1197 3093 confer-

251 3141 334 3173 1116
358 3126 407 3171 61
432 3127 689 3172 letamente
709 3129 880 3169 nostro
909 3123 1021 3182 (Tm,
1046 3122 1197 3179 Frat.,

254 3200 398 3258 Giul„
429 3200 734 3258 lietamente)‚
766 3199 856 3245 che
888 3197 1087 3245 abbiam
1115 3195 1199 3256 poi

253 3275 307 3321 (11
327 3289 490 3322 nuovo
514 3275 580 3334 H,
606 3287 650 3333 v,
677 3275 721 3319 4.

341 3349 383 3407 5)
407 3350 478 3395 Le
500 3347 608 3394 edd.
632 3361 798 3407 neque.

341 3422 380 3485 6)
405 3422 502 3470 Gia
518 3423 622 3468 cosi
637 3422 674 3467 11
690 3421 831 3468 Ο6111.
842 3421 941 3481 (Tr.
960 3422 1029 3466 da
1047 3421 1198 3479 essm).

341 3498 382 3558 7)
412 3497 514 3544 che
534 3497 797 3542 l’eaecelens
831 3494 1066 3541 de’codici
1103 3509 1200 3539 non

257 3584 424 3629 v-enga
461 3569 579 3615 dall'
595 3573 770 3615 autore
795 3567 926 3614 delle
955 3566 1200 3623 rubriche,

257 3644 288 3689 ὁ
318 3643 486 3690 6111616
517 3644 601 3689 dal
631 3644 719 3690 sed
755 3656 852 3701 pre
891 3643 1081 3699 ceteris,
1111 3640 1201 3686 6116

258 3733 357 3764 1166
381 3718 476 3778 pub
502 3717 553 3764 di
577 3723 712 3764 certo
735 3718 815 3763 far
844 3718 895 3762 la
926 3716 1099 3762 strada
1138 3714 1202 3758 ad

261 3793 390 3838 altro
415 3792 505 3838 che
532 3807 563 3838 a
587 3793 821 3852 qualcosa
852 3791 904 3836 in
935 3791 1015 3836 cui
1040 3789 1116 3836 sia
1140 3787 1204 3833 ri-

261 3866 431 3913 11611116
487 3866 526 3911 11
588 3871 815 3913 concetto
880 3864 1202 3911 antecedente

236 3941 397 3992 *della
434 3941 704 3986 bruttezza.
735 3941 862 3986 Esso
900 3940 1025 3985 deve
1065 3937 1203 3984 attri-

264 4014 420 4060 buirsi
445 4013 508 4060 ad
534 4029 630 4060 uno
660 4016 854 4066 zelante
880 4014 961 4059 del
984 4018 1204 4066 toscano,

262 4093 292 4134 e
315 4087 738 4135 verosimilmente
768 4088 833 4134 66.
856 4102 922 4133 un
945 4087 1117 4133 nativo
1143 4084 1206 4129 od

266 4162 537 4222 originario
582 4161 713 4208 della
761 4162 987 4207 Toscana
1025 4164 1207 4205 stessa.

1283 2226 1411 2271 Sono
1423 2225 1597 2271 invece
1614 2225 1815 2270 lontano
1833 2225 1965 2270 dalla
1983 2224 2229 2273 sicurezza

1283 2300 1334 2344 di
1353 2299 1539 2358 coglier
1555 2299 1751 2358 proprio
1773 2300 1854 2344 nel
1871 2314 2024 2358 segno
2038 2301 2112 2345 col
2130 2304 2230 2346 tur-

1276 2375 1552 2432 pissimum.
1589 2373 1735 2432 Pero,
1765 2373 1846 2418 nel
1878 2373 2080 2432 dubbio,
2109 2389 2228 2420 sono

1285 2447 1438 2494 anche
1456 2453 1589 2493 stato
1605 2448 1641 2492 li
1658 2448 1694 2492 li
1713 2462 1801 2507 per
1822 2463 1921 2493 non
1941 2452 2106 2494 mutar
2124 2450 2230 2495 nul-

1283 2523 1346 2568 la.
1377 2523 1472 2582 Ma,
1500 2526 1631 2568 tutto
1665 2526 1922 2582 sommato,
1949 2522 2012 2567 m'
2032 2523 2058 2567 e
2083 2539 2229 2582 parso

1285 2598 1373 2643 che
1391 2597 1587 2643 valesse
1604 2583 1998 2655 sempre'meglio
2016 2596 2232 2642 offende-

1283 2687 1337 2717 re
1358 2672 1408 2717 16
1428 2672 1609 2717 lettera
1629 2670 1832 2717 anziche
1852 2670 1889 2715 il
1911 2685 2070 2731 66666,
2091 2686 2117 2717 6
2140 2672 2231 2716 6116

1284 2746 1334 2790 in
1358 2748 1532 2805 questo
1560 2758 1676 2790 caso
1700 2743 1908 2801 6116666,
1933 2743 1985 2788 16
2010 2744 2088 2789 cui
2118 2744 2230 2789 l'in-

1285 2834 1500 2866 nocenza
1526 2818 1577 2863 di
1594 2818 1675 2864 chi
1703 2833 1932 2878 compose
1949 2818 1997 2864 le
2015 2818 2235 2864 intitola-

1286 2895 1415 2942 zioni
1439 2910 1526 2941 era
1549 2898 1765 2954 patente,
1783 2894 1918 2939 fosse
1943 2893 2110 2953 giusto
2134 2908 2230 2939 non

1285 2969 1519 3016 lasciarla
1544 2967 1886 3014 disconoscere
1904 2982 2122 3027 neppure
2146 2982 2233 3027 per

1286 3060 1351 3090 un
1381 3047 1645 3089 momento.
1683 3041 1932 3087 Battendo
1965 3041 2137 3087 strada
2163 3041 2234 3086 di-

1287 3133 1435 3165 versa
1453 3117 1586 3163 dalla
1602 3116 1716 3174 mia,
1739 3116 1775 3160 il
1795 3117 1945 3173 Erat„
1970 3131 1999 3159 a
2021 3115 2232 3173 togliere

1285 3193 1336 3239 16
1361 3190 1727 3238 contradizione
1754 3190 1830 3235 col
1861 3193 2124 3235 contenuto
2152 3189 2232 3235 del

1287 3266 1517 3327 capitolo,
1531 3265 1712 3310 scrisse
1733 3263 1816 3323 qui
1835 3264 1903 3308 fin
1920 3263 2054 3308 dalla
2073 3266 2123 3307 12⁴
2140 3263 2230 3321 ed.,

1290 3341 1486 3400 seguito
1527 3339 1610 3384 dal
1640 3338 1782 3383 Torri
1812 3351 1839 3382 6
1869 3336 1952 3382 dal
1981 3337 2124 3396 Giul„
2156 3339 2230 3383 De

1289 3416 1529 3462 Idio‘mate
1549 3414 1813 3458 Tuscorum
1829 3412 1874 3457 et
1884 3412 1927 3456 J
1923 3413 2227 3469 anuensium3

1289 3488 1574 3536 traduzione
1606 3486 1656 3531 di
1687 3485 1761 3530 cio
1793 3485 1883 3530 che
1920 3484 2233 3543 ragionevol-

1289 3568 1453 3610 mente
1483 3575 1643 3608 aveva
1667 3564 1928 3618 surrogato
1960 3558 2093 3603 66116
2124 3572 2231 3603 ver-

1292 3638 1429 3685 sione
1454 3637 1491 3681 il
1515 3637 1616 3681 Tr.:
1639 3636 1714 3679 De
1739 3635 1793 3678 lw
1809 3635 2002 3679 Idioma
2019 3633 2078 3677 de
2102 3633 2120 3676 i
2141 3633 2233 3677 Τω-

1290 3715 1444 3770 scam‘,
1472 3729 1494 3756 ε
1521 3706 1779 3771 Genwvesz'.

1378 3787 1415 3845 8)
1444 3785 1488 3830 11
1520 3783 1687 3830 valore
1736 3780 1820 3840 piu
1861 3779 2119 3839 frequente
2153 3779 2234 3825 del

1291 3856 1580 3918 compendio
1603 3856 1652 3900 di
1678 3855 1721 3900 Gr
1749 3869 1775 3899 6
1801 3854 1841 3898 Τ
1865 3852 2100 3899 conviene
2126 3868 2235 3912 per-

1291 3935 1587 3979 fettamente
1630 3929 1676 3974 al
1717 3933 1848 3973 testo
1868 3964 1879 3984 ,
1928 3927 2092 3973 sicche
2138 3942 2234 3973 non

1293 4011 1446 4052 mette
1478 4008 1621 4050 conto
1656 4002 1705 4046 di
1736 4002 1953 4048 scrivere
1985 4003 2102 4046 haec
2130 4003 2234 4061 (per

1294 4080 1377 4126 noi
1406 4075 1507 4138 he‘c)
1541 4078 1617 4123 col
1645 4076 1788 4122 Corb.
1829 4090 1855 4121 e
1897 4076 2112 4136 seguaci.
2155 4077 2234 4123 Un

1295 4155 1457 4200 rifiuto
1498 4153 1593 4199 ben
1633 4150 1902 4197 altrimenti
1945 4150 2177 4209 vigoroso
2209 4151 2234 4194 6
