2996 4640
641 1933 712 1984 lO

758 592 863 645 182
1304 608 1411 646 ιω.
1450 592 1537 662 ΙΙ,
1578 608 1696 646 ou.
1736 607 1819 661 11,
1861 592 1915 660 ¹73
1958 607 2059 662 ΧΠ,
2096 593 2212 646 1-2.

757 762 1067 833 equalitem
1090 758 1129 831 ¹)
1161 768 1221 816 et
1252 762 1652 818 habitudinem
1684 762 1966 835 accipere;
2002 763 2140 833 quia
2172 780 2290 816 non
2330 762 2501 818 aliter
2533 767 2740 819 cantus

757 859 1023 931 repetitio
1056 859 1177 913 fieri
1216 864 1422 931 posset.
1462 859 1587 913 Hoc
1625 859 1777 914 idem
1817 859 1878 912 in
1918 858 2180 913 versibus
2221 877 2342 913 esse
2382 858 2736 940 seruandum

761 955 1088 1010 astruimus,

1066 1223 1166 1260 xn.
1214 1207 1299 1259 Eoe
1336 1206 1522 1278 quibus
1559 1207 1877 1261 carminibus
1902 1207 2048 1276 flunt
2087 1209 2350 1262 cantiones
2372 1207 2428 1277 ²),

1168 1313 1215 1357 et
1244 1305 1307 1357 de
1337 1323 1548 1357 numero
1586 1305 1897 1358 sillabarum
1927 1307 1985 1359 in
2017 1307 2245 1360 carmine
2266 1299 2328 1374 ³).

910 1558 956 1610 l.
996 1557 1103 1610 Est
1142 1556 1332 1626 etiam,
1372 1561 1439 1610 ut
1477 1556 1739 1628 superius
1778 1556 1998 1611 dictum
2031 1563 2134 1628 est,
2172 1557 2452 1612 habitudo
2495 1554 2742 1630 quedam

762 1671 932 1724 quam
965 1652 1224 1708 carmina
1263 1653 1619 1709 contexendo
1659 1653 2019 1708 considerare
2055 1654 2346 1725 debemus3
2387 1661 2446 1709 et
2489 1655 2620 1711 ideo
2650 1673 2742 1712 ra-
2818 1714 2822 1718 ,

757 1754 976 1805 tionem
1018 1750 1297 1806 faciamus
1335 1750 1406 1805 de
1443 1751 1562 1822 illa,
1602 1756 1925 1823 repetentes
1958 1752 2199 1825 proinde
2231 1771 2342 1824 que
2376 1753 2642 1827 superius
2672 1754 2744 1810 de

1488 1849 1538 1902 2.
1572 1847 1643 1902 In
1682 1867 1789 1902 usu
1822 1854 2019 1903 nostro
2052 1850 2302 1904 maxime
2336 1850 2450 1905 tria
2485 1850 2744 1906 carmina

755 1945 1159 2016 frequentandi
1187 1945 1614 2016 prerogativam
1642 1945 1853 1999 habere
1878 1945 2150 2000 videntur
2169 1941 2230 2016 ⁴):
2257 1947 2744 2003 endecasillabum

758 1848 1110 1902 carminibus
1142 1847 1409 1903 diximus,

883 2132 918 2161 5.
947 2128 979 2161 T
993 2129 1222 2162 simarum.
1310 2130 1387 2163 7-8.
1409 2127 1442 2162 G
1465 2129 1530 2162 νῦε
1543 2156 1552 2168 ,
1576 2129 1660 2162 eice
1679 2130 1827 2163 ratione
1842 2144 1854 2168 ,·
1873 2140 1893 2163 e
1918 2131 2006 2164 sara
2026 2129 2122 2163 bene
2137 2130 2285 2164 ratione
2310 2131 2379 2165 che
2402 2131 2434 2164 si
2454 2130 2556 2167 volle
2574 2131 2745 2167 scrivere

753 2189 870 2222 anche
897 2188 935 2222 in
963 2189 1007 2230 T,
1030 2189 1198 2233 giacche,
1223 2190 1482 2231 quantunque
1501 2188 1570 2231 piu
1593 2190 1730 2231 estesa,
1762 2189 1800 2222 18
1825 2188 1982 2223 lineetta
2005 2189 2073 2223 che
2096 2190 2137 2223 vi
2159 2189 2193 2223 si
2216 2189 2266 2224 ha
2281 2189 2349 2227 ,sul
2371 2199 2434 2224 roe
2458 2191 2509 2225 ha
2527 2191 2595 2235 gib
2626 2191 2744 2232 abba-7

751 2251 882 2282 stanza
905 2248 953 2281 (18
978 2248 1068 2290 fare,
1096 2248 1232 2298 perche
1254 2256 1371 2290 possa
1390 2250 1498 2282 tener
1520 2249 1631 2292 luogo
1649 2249 1770 2283 anche
1794 2248 1833 2282 di
1858 2259 1933 2283 una
1949 2249 2079 2283 nasale
2101 2249 2319 2283 all’useita.

2407 2253 2443 2286 9.
2463 2251 2499 2287 G
2521 2254 2743 2297 curvamina.

751 2309 808 2341 10.
832 2306 865 2340 G
889 2309 1250 2349 endecaeeillabu⁷125
1273 2311 1362 2353 [We.
1381 2320 1477 2353 yem.
1499 2320 1599 2344 come
1616 2312 1670 2343 r-r.
1691 2309 1849 2343 Curioso
1874 2310 1912 2343 in
1932 2309 2027 2343 Tun
2047 2309 2166 2343 tratto
2190 2308 2370 2344 verticale
2387 2312 2604 2354 separatore
2622 2313 2744 2348 intro-

751 2366 854 2402 dot-to
878 2368 974 2410 dopo
993 2369 1129 2402 endeea
1147 2368 1186 2401 in
1204 2370 1341 2411 questo
1356 2379 1443 2403 caso
1462 2379 1483 2402 e
1501 2369 1563 2402 nei
1583 2368 1656 2402 due
1675 2369 1742 2411 piu
1762 2369 1949 2411 prosfflmi,
1971 2368 2068 2411 dopo
2086 2372 2172 2411 &pta
2190 2369 2256 2426 qni
2275 2370 2460 2412 aoeantoJ.

840 2539 876 2598 ¹)
898 2539 985 2584 Sta
1006 2540 1130 2584 bene
1147 2541 1462 2598 equalitatem
1476 2538 1499 2584 ‚2
1516 2540 1542 2585 I
1558 2539 1698 2584 Piedi

751 2629 845 2659 non
863 2614 1117 2673 prendono
1132 2614 1261 2660 l'uno
1281 2614 1541 2659 dall’altro
1568 2632 1587 2654 α
1609 2614 1639 2658 l'
1654 2629 1701 2659 e-

751 2689 1050 2748 guagliauza
1071 2709 1089 2730 »
1126 2688 1205 2734 dei
1238 2688 1373 2735 versi
1402 2704 1427 2733 e
1455 2688 1582 2734 delle
1617 2688 1701 2733 sil-

751 2763 883 2808 labe:
916 2763 1135 2822 pigliano
1168 2765 1217 2808 18
1256 2763 1533 2822 lunghezza
1567 2763 1700 2822 degli

751 2837 849 2895 uni,
871 2838 906 2882 il
929 2851 1130 2882 numero
1155 2837 1283 2883 delle
1306 2838 1447 2896 altre,
1467 2852 1493 2882 e
1511 2838 1700 2896 l'egua-

753 2913 950 2972 glianza
969 2913 995 2956 e
1022 2912 1277 2958 l’effetto
1296 2911 1651 2957 dell’attenersi
1671 2928 1701 2957 8

754 2988 884 3033 cotal
908 3001 1098 3031 norma.
1116 2986 1407 3032 Sennonche
1426 2986 1461 3031 il
1490 2986 1699 3032 vocabo-

752 3063 801 3107 lo
822 3063 1068 3121 equalitas
1089 3060 1132 3105 si
1153 3062 1254 3120 pub
1274 3061 1584 3121 giustificare
1607 3077 1698 3106 con

752 3152 851 3182 una
867 3136 1032 3196 specie
1046 3134 1480 3195 dianticipazione.
1490 3135 1567 3180 Ed
1583 3151 1696 3181 esso

753 3218 898 3258 trova
922 3217 1166 3269 sostegno
1194 3211 1245 3256 in
1265 3226 1329 3256 un
1349 3225 1500 3269 passo
1519 3210 1599 3255 del
1618 3225 1698 3256 ca·

754 3286 909 3346 pitolo
941 3290 1181 3344 seguente
1210 3283 1262 3347 (ξ
1294 3285 1365 3344 4),
1401 3284 1549 3345 dove,
1580 3284 1697 3330 rife-

753 3360 953 3407 rendosi
985 3375 1074 3420 per
1102 3360 1364 3419 l'appunto
1397 3360 1446 3405 al
1482 3359 1697 3419 capitolo

753 3441 937 3494 nostro,
978 3436 1142 3480 Dante
1183 3434 1306 3492 dice,
1353 3436 1599 3494 quoniam,
1645 3437 1699 3479 ut

753 3513 940 3556 dictum
955 3513 1037 3569 est,
1065 3511 1120 3555 in
1137 3509 1349 3568 pedibus
1381 3511 1525 3569 atque
1552 3511 1698 3555 versi-

753 3586 843 3631 bus
862 3586 1134 3630 attenditur
1154 3585 1396 3644 equalitas
1420 3585 1698 3630 carminum

753 3663 799 3706 et
840 3660 1149 3706 sillabarum.
1196 3660 1319 3705 Vero
1363 3658 1453 3704 che
1501 3658 1534 3702 1²
1552 3672 1700 3718 argo-

754 3743 919 3780 mento
952 3734 995 3779 si
1035 3737 1218 3794 spunta.
1256 3734 1517 3793 alquanto,
1558 3747 1611 3778 se
1654 3731 1698 3777 si

755 3809 1013 3855 considera
1042 3809 1093 3854 la
1133 3807 1403 3853 diflerenza
1441 3807 1556 3852 dell’
1573 3808 1698 3852 acci-

748 3899 869 3944 pere
899 3899 926 3930 e
952 3883 1354 3941 dell’attendere,
1386 3897 1413 3928 e
1437 3881 1480 3927 si
1511 3880 1695 3926 riflette

754 3961 800 4005 al
825 3958 1038 4018 pericolo
1064 3957 1153 4002 che
1180 3961 1397 4017 appunto
1429 3963 1603 4018 questo
1630 3958 1690 4003 ri·

753 4040 965 4090 sconiam,
976 4049 1004 4079 o
1021 4034 1265 4092 piuttosto
1283 4049 1349 4079 un
1365 4034 1493 4079 altro
1511 4033 1590 4079 del
1608 4050 1692 4080 no-

751 4116 856 4156 stro
882 4108 1095 4168 capitolo
1119 4113 1300 4166 stesso,
1327 4110 1392 4168 (p.
1419 4109 1552 4154 1781.
1570 4109 1691 4168 6-7),

751 4184 899 4232 abbia
929 4183 1186 4241 suggerito
1228 4197 1325 4228 una
1356 4182 1487 4228 falsa
1529 4198 1688 4230 corre-

1788 2538 1942 2584 zione.
1983 2538 2025 2583 Ε
2062 2544 2213 2598 certo,
2258 2542 2470 2586 accanto
2512 2540 2739 2590 au’habi-

1791 2615 1931 2671 tudo,
1965 2614 2054 2658 che
2091 2615 2159 2658 ha
2194 2614 2365 2660 valore
2401 2615 2486 2675 piu
2526 2630 2556 2662 o
2591 2631 2736 2664 meno

1785 2688 2031 2747 neutrale,
2075 2693 2254 2734 stuona
2284 2688 2572 2749 l'equalitas
2606 2691 2738 2752 posi-

1791 2763 1910 2810 tivo.
1950 2764 1992 2808 E
2023 2763 2158 2809 forse
2198 2764 2290 2809 che
2325 2764 2614 2824 l’equalitas
2641 2781 2739 2813 non

1789 2837 2100 2884 ‹lev'esserci
2144 2839 2302 2883 anche
2343 2839 2740 2888 nell’habitudo?

1788 2912 1914 2958 Pero
1943 2911 2056 2959 vien
2081 2913 2210 2958 fatto
2238 2913 2287 2958 di
2316 2914 2656 2976 domandami,
2682 2929 2737 2962 se

1788 2987 1888 3032 mai
1908 2987 2044 3033 fosse
2067 2988 2241 3034 invece
2263 2988 2328 3034 da
2351 2987 2559 3048 legg-ere
2574 2990 2738 3049 quali*

1788 3062 1962 3106 tatem:
1977 3076 2073 3107 una
2090 3061 2334 3108 domanda
2352 3063 2452 3109 alla
2468 3063 2613 3123 quale
2638 3067 2735 3110 tut-

1789 3135 1926 3181 tavia
1945 3135 2320 3183 s’inclinerebbe
2334 3137 2734 3196 maggior-mente

1787 3225 1818 3254 a
1842 3209 1962 3254 dare
2004 3224 2099 3255 una
2138 3209 2359 3270 risposta
2402 3201 2756 3272 affermativas

1788 3298 1842 3329 se
1867 3284 1904 3328 il
1930 3285 2180 3343 vocabolo,
2209 3291 2485 3345 opportuno
2505 3301 2598 3333 con
2624 3299 2734 3333 car-

1784 3361 1995 3418 minum,
2019 3375 2120 3416 non
2149 3365 2382 3406 stonasse
2413 3375 2507 3406 con
2527 3361 2732 3408 sillaba-

1784 3450 1911 3481 rum.
1945 3435 2124 3483 Chiam
2143 3435 2324 3481 inoltre
2339 3436 2431 3481 che
2464 3435 2501 3480 il
2521 3436 2733 3496 paralle-

1786 3511 1931 3555 lismo
1979 3509 2118 3570 degli
2164 3509 2282 3556 altri
2322 3509 2418 3555 due
2456 3510 2628 3569 luoghi
2655 3510 2732 3558 -ᾶὲι

1787 3584 1870 3630 all'
1887 3586 2132 3643 equalitas
2166 3599 2262 3630 non
2296 3599 2421 3644 poca
2453 3586 2607 3632 ἔοικα.
2698 3631 2700 3633 ,

1876 3659 1913 3717 ²)
1934 3659 2070 3704 Frat.
2085 3660 2167 3719 (=
2184 3659 2339 3718 Torri,
2361 3659 2524 3720 Giul.),
2538 3675 2631 3721 per
2642 3659 2732 3708 im-

1786 3733 1930 3793 pulso
1958 3732 2258 3793 trissiniano,
2284 3736 2514 3780 stantiae.

1874 3808 1911 3867 ³)
1936 3808 2008 3853 Lo
2034 3812 2198 3854 stesso
2230 3804 2383 3867 Frat„
2409 3808 2622 3868 seguito,
2645 3825 2729 3858 ma

1788 3899 1886 3930 non
1933 3883 2113 3944 spinto,
2159 3883 2210 3928 al
2252 3884 2523 3931 medesimo
2566 3885 2726 3947 modo,

1785 3959 2100 4005 carminibus.
2694 3963 2696 3966 ’

1868 4034 1909 4094 ⁴)
1930 4018 1968 4074 ’«
1993 4032 2038 4077 Il
2068 4031 2185 4078 Cod.
2216 4032 2275 4078 V.
2316 4033 2551 4091 videmur,
2591 4031 2725 4079 forse

1781 4107 1964 4168 meglio
1989 4126 2032 4162 »,
2066 4105 2174 4153 dice
2203 4105 2239 4150 il
2271 4105 2427 4164 Torri,
2457 4105 2724 4166 pensando,

1781 4182 1993 4241 bisogna
2015 4180 2113 4226 ben
2138 4181 2350 4240 credere,
2377 4196 2408 4227 a
2431 4182 2662 4230 vide-mus.
