2996 4640
699 1974 771 2027 10

810 592 884 647 26
1379 607 1484 643 mn.
1526 588 1569 657 I,
1612 605 1727 642 cu».
1769 605 1844 657 vr,
1886 587 1944 655 53
1980 605 2076 657 vn,
2123 587 2234 640 1-2.

809 762 1040 817 Hebrei.
1073 761 1205 815 Hiis
1226 757 1263 830 ¹)
1289 761 1426 817 solis
1455 764 1588 833 post
1615 757 2010 814 confusionem
2033 755 2325 827 remansit,
2348 759 2416 811 ut
2439 754 2793 828 Redemptor

808 864 1019 927 noster,
1054 857 1151 928 qui
1187 875 1256 911 ex
1288 855 1404 910 illis
1437 855 1689 910 oriturus
1724 856 1845 907 erat
1876 851 2188 907 secundum
2209 850 2646 922 humanitatem,
2676 866 2796 905 non

810 955 1012 1026 lingua
1043 953 1413 1023 confusioniS,
1448 951 1548 1007 sed
1580 951 1782 1023 gratie,
1804 949 2107 1005 frueretur.
2130 947 2272 1003 Fuit
2301 966 2438 1021 ergo
2461 945 2796 1003 hebraicum

809 1050 1047 1123 ydioma
1077 1049 1223 1104 illud
1244 1046 1281 1119 ²)
1315 1048 1467 1120 quod
1499 1046 1672 1121 primi
1704 1045 1996 1119 loquentis
2021 1043 2176 1100 labia
2207 1042 2582 1100 fabricarunt.

1120 1359 1219 1424 Vn.
1261 1369 1344 1423 De
1384 1368 1640 1422 divisione
1678 1368 1927 1421 sermonis
1964 1368 2021 1420 in
2050 1366 2238 1438 plures
2277 1365 2505 1438 linquas.

966 1587 1014 1640 1.
1053 1584 1368 1658 Dispudet,
1415 1583 1549 1653 heu,
1591 1603 1745 1638 nuno
1793 1583 2033 1638 humani
2083 1582 2311 1655 generis
2360 1580 2742 1654 ignominiam
2762 1577 2802 1652 ')

814 1683 1114 1738 renovare!
1151 1681 1263 1736 Sed
1294 1682 1430 1753 quia
1461 1681 1737 1754 preterire
1775 1698 1890 1735 non
1924 1699 2224 1753 possumus
2259 1679 2400 1751 quin
2438 1685 2805 1737 transeamus

816 1797 920 1851 per
950 1778 1130 1849 illam,
1164 1796 1495 1849 quanquam
1534 1777 1712 1832 rubor
1749 1777 1812 1830 in
1853 1795 1952 1831 ora
1991 1781 2304 1848 consurgat
2342 1777 2685 1850 animusque
2720 1795 2806 1832 re-

818 1874 1033 1947 fugiat,
1079 1893 1492 1948 percurremus.
1596 1875 1646 1927 2.
1688 1873 1735 1928 Ο
1787 1892 2009 1946 semper
2059 1878 2267 1928 natura
2324 1872 2579 1945 nostrast)
2623 1892 2808 1948 prona·

821 1974 1096 2048 peccatis!
1129 1992 1162 2028 o
1196 1974 1267 2028 ab
1307 1973 1476 2027 initio
1509 1975 1576 2027 et'
1605 1991 1903 2042 nunquam
1935 1971 2200 2026 desinens
2231 1972 2620 2044 nequitatrix!
2651 1972 2809 2029 Num

820 2073 1012 2128 fuerat
1041 2074 1183 2127 satis
1212 2071 1284 2126 ad
1312 2072 1400 2126 tui
1429 2067 1894 2144 correptionem⁵)
1920 2069 2075 2142 quod
2102 2089 2204 2142 per
2219 2071 2465 2143 primam
2489 2070 2812 2144 prevarica-

818 2170 1039 2225 tionem
1070 2164 1453 2238 eluminata,⁶)
1486 2166 1816 2221 delitiarum
1850 2166 2122 2221 exulabas
2154 2183 2187 2219 a
2217 2165 2442 2238 patria?
2463 2166 2618 2222 Num
2652 2167 2809 2239 satis,

961 2335 997 2367 4.
1017 2333 1054 2367 G
1071 2333 1104 2366 T
1131 2333 1314 2376 loquentia:
1338 2331 1522 2375 loquentia
1534 2346 1547 2371 ,·
1574 2331 1748 2373 [espunto
1769 2330 1799 2364 ss
1822 2331 1945 2373 primo
1962 2329 2002 2363 di
2026 2331 2152 2373 questi
2168 2331 2241 2365 due
2265 2332 2448 2375 loquentis
2469 2332 2512 2366 111
2536 2332 2582 2374 T,
2600 2331 2631 2367 n
2652 2331 2813 2368 secondo

817 2401 858 2434 in
879 2394 942 2436 G].
1039 2392 1088 2435 [G
1112 2393 1371 2435 *sabi-icarum
1385 2406 1396 2426 :
1415 2390 1640 2426 accettabile
1657 2400 1762 2425 come
1781 2390 2031 2434 spiegazione,
2051 2391 2242 2434 superfluo
2266 2401 2308 2427 se
2324 2392 2417 2427 vuol
2439 2402 2564 2428 essere
2583 2393 2811 2437 οοιτοιίωιο,

817 2454 879 2489 del
905 2453 1086 2498 fabrica?
1106 2453 1167 2487 del
1192 2454 1303 2488 testo.
1329 2453 1375 2487 In
1401 2453 1433 2486 T
1458 2453 1514 2487 δ’ὁ
1535 2451 1670 2485 voluta
1693 2450 1854 2484 inserite
1885 2450 1981 2493 dopo
1997 2451 2172 2493 sabrica-
2197 2450 2395 2501 la'sillaba.
2409 2460 2468 2494 ue,
2489 2451 2560 2487 ohe
2577 2450 2658 2496 qui,
2681 2450 2816 2487 invene

817 2515 887 2550 che
911 2515 973 2549 nel
1006 2525 1097 2550 vero
1119 2514 1290 2558 margine
1306 2541 1314 2555 ,
1339 2515 1369 2546 ε’
1385 2513 1406 2546 ὸ
1429 2511 1562 2546 scritta
1583 2510 1686 2544 nella
1707 2511 1816 2553 parte
1849 2510 1919 2543 che
1951 2509 2095 2543 rimans
2119 2509 2161 2542 in
2183 2509 2320 2544 bianoo
2343 2509 2383 2544 di
2405 2510 2528 2552 quest’
2541 2508 2679 2546 ultima
2698 2510 2814 2549 linea.

819 2577 851 2609 6.
877 2574 913 2609 G
931 2575 962 2608 T
984 2574 1004 2609 ἶ
1025 2574 1122 2617 i9n-‚
1147 2573 1320 2616 [espnnto
1341 2571 1398 2606 l'i
1420 2570 1460 2604 in
1482 2568 1543 2612 GJ.
1637 2569 1668 2602 8.
1696 2568 1730 2603 G
1746 2570 1850 2609 hora,
1880 2569 1963 2611 [oon
1987 2567 2208 2603 sbarratura
2229 2567 2317 2603 dell'
2336 2570 2388 2613 h].
2458 2571 2493 2604 9.
2513 2569 2547 2604 Τ
2561 2572 2638 2605 nra
2653 2569 2708 2607 οἶα
2721 2569 2812 2615 nh,

818 2632 1037 2674 cancellato,
1063 2631 1174 2666 credo
1192 2630 1444 2673 dall’origine‚
1467 2638 1535 2663 eon
1563 2637 1639 2662 una
1655 2627 1815 2662 lineetta
1835 2627 1865 2660 il
1882 2627 2005 2670 primo
2023 2629 2113 2669 offa,
2139 2627 2199 2671 [ed
2218 2628 2356 2663 inoltre
2375 2629 2548 2672 ospunto,
2573 2639 2643 2674 per
2663 2639 2816 2675 sepi-q)-

818 2693 913 2737 piiq.
1005 2694 1062 2726 10.
1087 2692 1134 2725 T.
1158 2691 1289 2724 inicio.

1380 2690 1435 2722 11.
1452 2687 1487 2722 G
1506 2688 1618 2731 actui,
1639 2687 1688 2721 da
1718 2687 1918 2731 riportarsi
1941 2687 2042 2722 forse
2065 2697 2089 2721 a
2106 2698 2159 2722 un
2179 2688 2399 2732 compendio
2422 2689 2521 2727 dove
2540 2689 2580 2726 la
2594 2690 2718 2728 utem
2733 2691 2819 2727 mn

819 2750 983 2787 servisse
1004 2759 1072 2792 per
1095 2749 1125 2783 il
1143 2751 1168 2783 d
1187 2758 1208 2783 e
1224 2758 1293 2791 per
1310 2748 1339 2782 il
1356 2752 1369 2782 t
1377 2763 1390 2788 ;
1405 2748 1489 2791 [*ad
1506 2747 1596 2790 tui];
1620 2748 1652 2780 T
1673 2747 1766 2781 atui.
1837 2747 1873 2781 G
1891 2748 2165 2791 computorum,
2193 2749 2226 2783 T
2245 2746 2516 2792 ebrnptionem.
2585 2753 2644 2788 12.
2668 2750 2702 2789 Τ
2725 2761 2745 2787 ο
2760 2753 2816 2788 lu·

820 2811 982 2852 minata,
1003 2819 1073 2844 con
1096 2809 1196 2843 lieve
1211 2808 1377 2842 distance
1404 2807 1490 2842 dell’
1507 2817 1542 2848 ες
1565 2807 1613 2850 [G
1633 2807 1789 2851 *elim-].

825 2975 926 3007 una
981 2957 1217 3018 semplice
1260 2955 1457 3015 virgola
1503 2970 1530 3001 e
1578 2954 1641 3000 da
1685 2955 1779 3001 due

825 3033 969 3096 punti
999 3033 1359 3091 interpretatur
1401 3032 1779 3091 (interpetratur

826 3124 915 3170 per
939 3108 1052 3168 me).
1077 3107 1162 3152 Ma
1187 3120 1240 3152 se
1269 3109 1444 3165 questo
1469 3106 1728 3151 locutionis
1753 3105 1778 3150 ὲ

828 3184 930 3229 tale
957 3183 1048 3229 che
1080 3196 1178 3226 non
1210 3180 1241 3224 1’
1259 3179 1547 3226 andremmo
1581 3183 1715 3224 certo
1750 3195 1780 3224 a

830 3271 1043 3315 cereare,
1089 3269 1309 3315 neppure
1358 3254 1401 3300 α’
1424 3254 1450 3299 ὸ
1493 3253 1683 3300 motivo
1731 3253 1778 3298 di

831 3331 1110 3378 eliminarlo
1136 3328 1349 3376 essendo
1374 3327 1506 3374 dato.

915 3405 956 3462 1)
995 3403 1059 3449 Le
1087 3402 1194 3448 edd.
1228 3403 1305 3448 iis.

919 3479 957 3538 ²)
988 3478 1043 3524 id
1076 3477 1124 3522 le
1158 3482 1375 3536 stampe,
1402 3490 1491 3536 per
1526 3474 1699 3521 effetto
1733 3474 1784 3519 di

832 3567 931 3599 una
947 3553 1132 3598 lettura
1152 3550 1460 3602 vmalz³.<:c.ort.=.n.
1477 3542 1641 3595 dell’i0z
1659 3548 1708 3594 di
1725 3549 1782 3595 G.

923 3627 959 3686 ³)
1000 3625 1128 3671 Dell'
1142 3627 1196 3671 in
1246 3641 1344 3671 non
1399 3639 1559 3670 aveva
1611 3627 1783 3669 tenuto

836 3705 981 3747 conto
1029 3703 1075 3760 (e
1117 3714 1254 3746 come
1297 3699 1404 3745 fare
1454 3698 1727 3745 altrimenti
1744 3697 1784 3758 Ρ)

835 3789 1056 3835 neppure
1082 3775 1120 3819 il
1144 3774 1225 3819 Tr.
1595 3780 1598 3782 ’

925 3851 968 3909 4)
988 3851 1177 3896 Nostra
1192 3850 1378 3895 natura
1399 3847 1449 3893 in
1468 3852 1596 3894 tutte
1612 3847 1658 3892 le
1677 3845 1786 3892 edd.

839 3939 925 3969 sue
957 3923 993 3967 il
1023 3923 1173 3980 Erat„
1207 3921 1406 3980 seguito
1440 3919 1522 3966 dal
1553 3919 1681 3967 Giul.
1706 3920 1788 3965 nel

838 4002 984 4054 testo,
1003 3997 1350 4042 abbandonato
1366 3996 1497 4042 nelle
1509 3995 1785 4042 Gorrezioni

841 4072 906 4130 (p.
933 4071 1055 4128 443).

928 4144 966 4203 5)
992 4143 1093 4188 Che
1115 4144 1250 4190 fosse
1274 4144 1337 4188 da
1362 4144 1569 4203 leggere
1595 4156 1791 4202 correp·

842 4221 1021 4266 tionem
1069 4217 1336 4265 scartando
1384 4216 1642 4264 l'assurdo
1688 4231 1790 4265 cor·

1882 2808 1924 2841 12
1937 2826 1978 2832 —-
1991 2818 2029 2851 p.
2048 2807 2134 2851 27,
2149 2810 2182 2842 1.
2209 2809 2244 2843 G
2270 2819 2366 2844 num
2382 2811 2476 2845 satie
2493 2811 2689 2856 unavolta
2708 2810 2800 2848 sola.

1865 2958 2144 3014 ruptionem
2167 2958 2342 3003 durato
2364 2959 2431 3004 fin
2452 2958 2625 3020 allora,
2649 2973 2820 3007 soorse

1867 3030 2004 3077 assai
2035 3031 2158 3078 bene
2190 3032 2227 3077 il
2259 3033 2388 3080 Giul.
2421 3033 2535 3080 Solo
2561 3049 2592 3082 a
2622 3047 2819 3096 correp·

1866 3106 2046 3152 tionem
2084 3106 2340 3153 s’indusse
2373 3124 2404 3154 a
2439 3124 2678 3168 sni-regar
2716 3123 2819 3158 cor·

1867 3184 2238 3241 rectionem,per
2256 3183 2510 3242 attenersi,
2528 3181 2703 3231 dieeva
2723 3203 2744 3227 ι
2756 3198 2787 3230 a

1870 3249 1968 3299 una
1994 3255 2166 3314 regola
2199 3257 2500 3315 ortografiea
2531 3261 2756 3305 costante
2777 3278 2819 3319 ι,

1871 3329 2006 3375 essia
2025 3343 2114 3389 per
2134 3329 2340 3389 ragione
2367 3330 2418 3376 di
2437 3346 2504 3377 un
2525 3334 2823 3390 correctione

1873 3403 1962 3448 ohe
2007 3418 2206 3449 oocorre
2250 3403 2336 3464 piu
2375 3405 2501 3453 oltre
2547 3403 2601 3452 in
2644 3411 2820 3467 questo

1873 3471 2144 3530 medesimo
2200 3478 2416 3538 capitolo
2472 3479 2523 3544 (ξ
2575 3480 2639 3541 5).
2692 3482 2822 3529 Cosa

1875 3567 2052 3598 avesse
2093 3551 2178 3612 qui
2209 3567 2239 3599 a
2268 3553 2377 3600 fare
2418 3553 2748 3619 l’ortografia,
2794 3554 2823 3603 ὁ

1874 3625 2074 3672 difficile
2107 3627 2300 3674 vedere.
2332 3628 2478 3674 Meno
2508 3629 2640 3676 male
2665 3629 2756 3677 ohe
2785 3628 2822 3676 il

1875 3700 2002 3747 Giul.
2040 3699 2085 3746 si
2123 3699 2358 3747 convinse
2390 3702 2473 3762 poi
2511 3716 2695 3750 ancora
2731 3701 2822 3749 ohe

1876 3790 1961 3822 era
2001 3775 2065 3821 da
2101 3775 2346 3823 ritornare
2382 3777 2430 3822 al
2469 3779 2825 3838 correptionem

1878 3849 2100 3911 (Corma,
2126 3849 2158 3894 l.
2193 3848 2306 3909 oia).
2338 3850 2380 3894 E
2412 3864 2442 3895 a
2473 3852 2649 3909 questa
2679 3846 2824 3895 lezio-
2901 3848 2907 3858 ‘¹
2955 3836 2967 3885 s

1876 3939 1938 3970 ne
1970 3923 2106 3970 dette
2137 3923 2174 3968 il
2207 3938 2294 3970 suo
2328 3923 2568 3983 suffragio
2599 3922 2755 3973 anche
2781 3921 2824 3983 jl

1875 3999 2134 4054 Boehmer,
2160 3999 2217 4044 R.
2244 3999 2312 4045 St.
2792 3985 2810 3995 N

1965 4074 2002 4132 ⁶)
2027 4072 2072 4117 Il
2093 4072 2235 4118 Torri
2257 4071 2300 4117 si
2322 4071 2476 4119 laseib
2499 4071 2701 4118 sedurr0
2723 4069 2826 4134 dal-

1877 4144 2183 4200 l'eliminata‚
2225 4141 2429 4189 creduto
2471 4142 2536 4188 da
2565 4141 2637 4188 lui
2672 4141 2724 4188 la
2755 4141 2826 4188 le-

1879 4217 2018 4262 zione
2050 4229 2170 4262 vera
2201 4215 2251 4261 di
2277 4215 2332 4273 G,
2364 4215 2426 4260 ed
2457 4215 2581 4263 ebbe
2612 4227 2825 4274 seguaee
