2996 4640
654 1887 723 1939 10

775 553 881 609 172

1326 570 1433 606 mn.
1472 552 1554 622 ΙΙ,
1596 569 1713 607 off.
1753 568 1835 622 11,
1877 551 2004 621 4-5;
2044 568 2099 621 x,
2146 553 2194 606 l.

773 727 930 783 ditur
961 726 1044 780 ibi
1071 744 1202 781 cum
1228 725 1471 781 dicimus
1507 750 1529 774 α
1559 725 1817 798 partium
1849 724 2252 781 habitudinem
2283 750 2308 777 υ
2334 726 2418 799 *).;
2470 727 2523 782 5.
2557 727 2750 794 Quare

771 824 853 878 sic
874 822 914 891 2)
947 822 1215 894 colligere
1254 822 1538 895 possimus
1557 822 1598 892 ³)
1630 841 1700 878 ex
1741 821 2014 895 predictis
2047 821 2410 895 diffinientes,
2443 829 2503 879 et
2533 823 2748 895 dicere,

772 920 1048 975 stantiam
1098 939 1220 975 esse
1269 920 1376 975 sub
1423 924 1579 975 certo
1623 924 1800 975 cantu
1838 925 1898 974 et
1946 919 2320 991 habitudine,
2370 919 2687 978 limitatam
2704 922 2749 991 ⁴)

770 1018 1090 1073 carminum
1122 1023 1181 1072 et
1212 1017 1545 1074 sillabarum
1581 1036 1934 1090 compagem.
2272 1029 2277 1035 ’

1018 1334 1069 1369 x.
1113 1316 1348 1369 Ostendit
1387 1316 1516 1388 quid
1554 1317 1623 1369 sit
1657 1317 1858 1369 stantia
1877 1312 1933 1384 ⁵),
1974 1323 2020 1367 et
2059 1316 2199 1386 qaod
2235 1316 2434 1369 stantia
2456 1314 2499 1384 ⁶)

1217 1416 1463 1469 variatur
1484 1413 1737 1488 pluribus
1766 1413 1935 1467 modis
1966 1414 2023 1467 in
2055 1414 2307 1467 cantione.

915 1600 964 1652 1.
1005 1597 1262 1652 Scientes
1311 1598 1446 1670 quia
1497 1597 1780 1653 rationale
1828 1598 2045 1654 animal
2084 1598 2254 1654 homo
2294 1602 2407 1671 est,
2447 1601 2507 1652 et
2545 1596 2684 1672 quia
2709 1592 2754 1668 ⁴¹)

765 1695 1050 1750 sensibilis
1083 1695 1293 1766 anima,
1325 1701 1382 1749 et
1414 1714 1620 1769 corpus
1660 1701 1747 1750 est
1787 1695 2028 1765 animal,
2066 1702 2124 1750 et
2155 1696 2498 1766 ignorantes
2542 1694 2618 1750 dn
2643 1693 2757 1750 hac

765 1793 974 1866 anima,
1006 1792 1146 1866 quid
1175 1811 1244 1847 ea
1274 1793 1374 1862 sit,
1407 1793 1501 1848 vel
1543 1793 1613 1848 de
1662 1794 1790 1867 ipso
1823 1811 2088 1866 corpore,
2128 1793 2447 1866 perfectam
2499 1790 2771 1856 hominis

767 1890 1154 1962 cognitionem
1185 1890 1396 1944 habere
1425 1907 1544 1944 non
1570 1909 1895 1963 possumus3
1930 1891 2068 1962 quia
2095 1890 2448 1962 cognitionis
2475 1889 2755 1964 perfectio

766 1988 1213 2059 uniuscuiusque
1244 1988 1590 2043 terminatur
1623 1989 1696 2043 ad
1727 1989 1934 2044 ultima
1965 1990 2265 2060 elementa,
2294 1989 2445 2043 sicut
2475 1986 2757 2065 Magister

895 2158 926 2190 l.
954 2156 1002 2200 [G
1021 2156 1216 2200 dicemus}

766 2217 804 2250 iu
823 2216 858 2250 G
877 2215 925 2249 da
942 2226 1018 2250 tum
1035 2217 1210 2261 vit-gola].

1309 2157 1342 2190 2.
1371 2157 1403 2190 Τ
1418 2166 1636 2198 possumus.

1303 2219 1336 2250 5.
1351 2218 1382 2250 T
1396 2217 1543 2251 etatae-ia
1559 2215 1743 2251 ambedne
1761 2216 1798 2250 le
1812 2215 1927 2250 volta.
2011 2219 2045 2251 8.
2061 2217 2096 2251 G
2116 2217 2148 2250 T
2165 2215 2348 2251 neneibil'.

1730 2158 1764 2191 3.
1787 2157 1822 2191 G
1840 2157 2081 2192 habitudine.
2152 2157 2186 2192 G
2205 2158 2238 2191 Τ
2258 2157 2440 2200 limitata,
2463 2156 2576 2201 [fatto
2594 2155 2751 2202 segui're

2418 2218 2460 2251 11
2479 2225 2537 2261 sg.
2554 2216 2749 2262 [armatum

764 2277 979 2319 sapientum
997 2277 1018 2310 ὸ
1033 2276 1276 2310 sottolineato
1294 2276 1334 2309 iu
1354 2276 1401 2318 G,
1423 2287 1443 2310 e
1458 2277 1498 2310 iu
1515 2275 1684 2320 margine
1699 2278 1729 2310 s'
1746 2276 1795 2310 ha
1814 2277 1880 2319 D..
1899 2276 1971 2310 ohe
1987 2276 2200 2311 riferiremo
2217 2275 2282 2312 aw
2296 2277 2471 2319 Inferna,
2490 2283 2547 2319 xv,
2567 2276 2662 2322 1811.

857 2428 895 2488 ¹)
925 2427 1032 2473 Non
1060 2442 1190 2486 pago
1225 2425 1356 2472 della
1389 2425 1715 2472 sostituzione

770 2502 820 2547 di
846 2503 1062 2548 dicemus
1092 2517 1122 2547 a
1162 2503 1371 2547 dicimus
1402 2501 1479 2562 (V.
1512 2501 1713 2560 l’appa-

768 2577 913 2635 rato),
938 2575 1172 2636 prodotta
1212 2590 1300 2635 per
1338 2574 1576 2621 rimbalzo
1611 2575 1714 2620 dal-

767 2653 1019 2697 l’erronea
1049 2650 1467 2710 interpretazione
1510 2650 1588 2696 del
1619 2650 1714 2707 Tr„

773 2726 981 2783 quanda»
1013 2726 1209 2770 diremw
1241 2726 1300 2770 de
1337 2725 1387 2769 la
1429 2724 1716 2769 habitudine

770 2802 895 2847 dele
925 2803 1087 2859 parti,
1115 2799 1152 2845 il
1184 2800 1344 2857 Corb.‚
1378 2797 1559 2857 logico,
1589 2810 1644 2841 se
1671 2798 1714 2842 si

741 2898 752 2906 ·
770 2875 927 2934 vuole‚
955 2874 1155 2920 sostitui
1180 2874 1314 2919 nella
1339 2878 1535 2932 stampa
1557 2872 1714 2917 anche

770 2951 1146 3008 comprendetur
1185 2964 1216 2994 a
1248 2948 1622 3006 comprenditur
1634 2959 1653 3003 ,·
1687 2961 1713 2992 e

768 3024 784 3068 i
816 3025 912 3070 due
941 3023 1097 3069 futuri
1136 3037 1234 3068 non
1272 3023 1418 3067 furon
1459 3020 1544 3081 piu
1583 3020 1713 3067 sbal-

766 3098 868 3144 zati
891 3098 941 3143 di
961 3098 1087 3145 sella
1109 3098 1566 3157 (comprehendetur
1590 3095 1714 3140 Maf-

766 3174 836 3219 fei
859 3188 887 3218 e
912 3173 1211 3232 posteriori).
1238 3171 1444 3218 Curioso
1469 3172 1561 3217 che
1585 3171 1616 3215 l’
1634 3186 1711 3219 ac-

768 3248 993 3294 cusativo
1015 3248 1353 3294 habitudinem
1382 3260 1480 3292 non
1512 3244 1714 3292 valesse

769 3324 831 3369 ad
849 3323 1062 3383 aprirgli
1077 3322 1146 3382 gli
1174 3322 1337 3380 occhi3
1361 3337 1388 3368 e
1406 3319 1602 3367 curioso
1631 3318 1715 3365 del

768 3400 871 3458 pari
893 3400 983 3444 che
993 3398 1055 3443 ne
1072 3395 1155 3455 lui,
1169 3397 1231 3443 ne
1246 3396 1376 3455 altri,
1389 3410 1488 3442 non
1499 3394 1712 3441 abbiano

768 3473 963 3532 scritto,
991 3486 1130 3518 come
1155 3471 1365 3519 sarebbe
1395 3474 1531 3516 stato
1569 3474 1712 3516 natu-

767 3549 892 3607 rale,
919 3550 980 3594 de
1002 3549 1225 3607 partium
1249 3547 1549 3593 habitudine.

853 3624 890 3680 2)
922 3623 991 3668 Le
1027 3622 1137 3669 edd.
1179 3623 1275 3682 hic,
1317 3635 1406 3682 per
1440 3634 1541 3667 una
1572 3633 1711 3665 mera

767 3697 1146 3757 sbadataggine,
1172 3697 1330 3755 forse,
1361 3694 1439 3742 del
1462 3694 1606 3741 Oorb.

853 3772 893 3831 3)
925 3772 966 3816 Ε
998 3771 1082 3831 qui
1117 3771 1166 3820 le
1197 3776 1391 3830 stampe
1418 3783 1709 3830 possumus,

766 3864 795 3891 a
821 3847 900 3892 oui
922 3847 972 3891 di
997 3851 1135 3893 certo
1159 3847 1203 3892 T
1224 3862 1322 3892 non
1341 3845 1410 3891 mi
1435 3844 1603 3905 piega.

851 3922 892 3977 ⁴)
921 3921 966 3966 Π
989 3921 1069 3966 Tr.
1106 3923 1249 3967 swttw
1273 3935 1375 3966 una
1407 3921 1542 3966 ceo-ta
1571 3917 1711 3963 habi-

765 3995 931 4039 tudine
969 3995 1209 4051 limitata;
1233 3994 1393 4040 donde
1424 3995 1476 4039 la
1514 3993 1712 4053 virgola

762 4068 814 4114 in
833 4069 1189 4127 G,mantenuta
1205 4069 1412 4128 nell'ed.‚
1431 4069 1559 4116 dove
1574 4069 1711 4115 habi-

764 4144 982 4189 tudinem
1006 4144 1059 4188 fu
1084 4149 1301 4192 corretto
1327 4144 1380 4190 in
1404 4145 1705 4191 habitudine.

1803 2424 1889 2470 Ma
1914 2423 1964 2470 in
1992 2425 2100 2484 pari
2125 2429 2294 2484 tempo
2325 2425 2370 2470 si
2403 2425 2602 2486 stampo
2624 2425 2752 2472 &mi-

1803 2500 1964 2545 tatam
1974 2498 2039 2543 :il
2057 2499 2163 2560 che,
2181 2499 2232 2545 in
2250 2499 2529 2546 condizioni
2542 2497 2753 2560 siffatte,

1805 2572 2033 2632 pai-rebb'
2051 2586 2218 2619 essere
2244 2578 2497 2620 avvenuto
2516 2588 2612 2634 per-
2627 2587 2756 2620 sen-

1804 2647 1932 2706 plice
1971 2646 2288 2694 distrazione.
2329 2647 2650 2696 Distrazione
2681 2648 2755 2695 fie-

1803 2722 1911 2781 lice,
1939 2722 1992 2767 in
2009 2726 2194 2781 quanto
2224 2737 2324 2769 non
2357 2722 2403 2769 ci
2425 2723 2480 2769 fu
2514 2723 2600 2784 poi
2620 2722 2755 2772 bito-

1805 2811 1902 2854 gno
1923 2813 1978 2843 se
2001 2813 2100 2843 non
2117 2797 2167 2842 di
2193 2796 2412 2844 scrivere
2429 2795 2479 2843 al
2495 2798 2752 2855 saepo-to

1802 2873 1852 2916 la
1868 2871 2077 2931 virgola,
2095 2871 2131 2916 il
2155 2871 2248 2917 che
2265 2873 2318 2917 fu
2341 2871 2476 2918 fatto-
2495 2869 2581 2917 cm
2600 2871 2755 2930 Fusa,

1802 2946 1983 3004 perche
2028 2945 2264 2991 riuscisse
2305 2948 2524 2997 corretto
2561 2944 2753 2992 debita-

1803 3024 1971 3065 mente
1985 3033 2051 3065 un
2071 3034 2251 3077 errore,
2278 3020 2573 3066 altrettanto
2593 3033 2755 3079 grav·

1802 3097 1990 3153 quanto
2026 3094 2202 3153 sicum,
2254 3093 2334 3140 dei
2385 3109 2504 3141 mss.
2553 3093 2753 3151 Dubbio

1801 3168 1832 3212 l’
1847 3167 2207 3214 intendimento
2253 3168 2367 3214 dell'
2386 3167 2461 3215 ed.
2507 3167 2679 3215 Maffiei
2720 3182 2754 3214 ο

1801 3242 1930 3288 delle
1964 3257 2052 3289 sue
2085 3242 2413 3303 emanazioni,
2447 3242 2576 3288 nelle
2614 3241 2753 3303 quali

1799 3316 1852 3362 la
1876 3316 2073 3376 virgola
2093 3323 2175 3363 sta
2200 3316 2327 3377 dopo
2359 3318 2651 3365 carminum.

1889 3391 1929 3451 5)
1957 3391 2118 3437 Frat.‘¹
2142 3405 2170 3438 e
2199 3390 2492 3451 posteriori,
2528 3392 2655 3447 Quid
2683 3393 2750 3439 sit

1800 3467 1975 3512 cantus
2021 3466 2247 3513 Stantiae
2303 3467 2404 3527 (Tr.
2450 3467 2547 3515 Det
2592 3471 2748 3515 eante

1799 3541 1859 3586 de
1884 3541 1929 3586 le
1951 3542 2170 3602 stanzie).

1886 3614 1926 3676 6)
1955 3615 2001 3662 Il
2021 3616 2128 3661 selo
2151 3614 2306 3675 morri,
2331 3619 2378 3662 et
2397 3615 2533 3676 qubd
2554 3618 2693 3665 haee.

1887 3690 1926 3750 7)
1956 3689 2028 3736 Le
2055 3690 2178 3749 edd„
2204 3690 2255 3736 in
2277 3692 2473 3738 cambio
2495 3692 2550 3739 di.
2566 3694 2751 3753 quiam·

1795 3766 1928 3824 quia,
1943 3764 2110 3810 hanno
2125 3766 2487 3826 quod....quod;
2508 3767 2576 3814 nb
2592 3771 2744 3828 ectu,

1800 3843 1863 3888 da
1878 3845 2022 3903 parte
2038 3841 2118 3887 del
2134 3841 2290 3900 corb„
2307 3857 2396 3902 per
2412 3843 2545 3890 falsa
2559 3842 2746 3892 lettera

1799 3916 1914 3963 dell'
1929 3915 2307 3963 abbreviazione
2330 3921 2533 3976 portata
2553 3916 2638 3965 dai
2666 3933 2748 3966 ω·-

1799 3990 2172 4051 dioi,bens1poi·
2196 4005 2321 4050 poca
2341 3992 2752 4042 cononem-rm

1795 4065 1954 4113 latino
1969 4064 2263 4112 medievale.
2282 4067 2324 4111 E
2347 4066 2565 4116 bastava
2583 4068 2752 4116 anche:

1794 4145 2130 4188 rammentare
2153 4141 2320 4200 quello
2355 4141 2488 4190 della
2519 4143 2742 4204 Velm
