2996 4640
762 586 868 640 196

1386 603 1494 641 nm.
1535 582 1624 656 H,
1664 602 1782 642 ou.
1822 602 1944 656 xm,
1985 588 2105 644 5-6.

757 774 886 812 oum
923 757 1158 813 rithimo
1196 759 1261 814 in
1292 758 1589 815 silentium
1630 758 1842 815 cadant
1859 753 1915 828 ¹).
1995 760 2046 813 6.
2088 759 2158 814 In
2188 759 2431 833 pedibus
2463 779 2601 818 vero
2638 777 2727 816 oa·

756 852 1004 909 vendum
1035 861 1142 924 est3
1183 860 1241 910 et
1278 854 1678 911 habitudinem
1729 854 2021 928 quandam
2069 862 2355 913 servatam
2386 856 2528 914 'esse
2573 857 2729 915 inve·
2818 884 2823 889 ·

755 949 946 1005 nimus
965 948 1020 1021 ²).
1077 952 1155 1006 Et
1207 952 1612 1009 discretionem
1661 952 1958 1025 facientes,
2006 952 2250 1010 dicimus
2298 953 2452 1028 quod
2497 946 2599 1028 pes
2635 953 2732 1013 vel

754 1047 882 1119 pari
921 1048 1013 1103 vel
1051 1049 1259 1122 impari
1298 1055 1483 1106 metro
1522 1050 1862 1123 completur;
1903 1054 1962 1104 et
2000 1050 2309 1123 utrobique
2357 1049 2635 1108 comitata
2668 1051 2748 1110 'et-

676 1143 711 1194 5
755 1143 1097 1201 incomitata
1137 1145 1461 1201 desinentia
1502 1164 1622 1201 esse
1661 1150 1866 1220 potest.
1897 1144 2064 1216 Nam,
2096 1146 2161 1201 in
2189 1146 2317 1220 pari
2347 1151 2530 1203 metro
2561 1142 2730 1206 nemo

759 1238 1012 1311 dubitat3
1052 1242 1115 1296 in
1155 1242 1268 1298 alio
1307 1261 1470 1315 vem,
1508 1244 1558 1299 si
1596 1243 1724 1315 quis
1763 1241 1971 1298 dubius
2009 1247 2110 1314 est,
2150 1243 2480 1301 recordetur
2517 1263 2586 1301 ea
2622 1259 2736 1319 que

757 1335 1008 1395 diximus
1037 1339 1097 1394 in
1118 1340 1540 1413 preinmediato
1554 1336 1595 1411 3)
1628 1340 1880 1414 capitulo
1909 1339 1979 1395 de
2005 1339 2305 1412 trisillabo,
2334 1339 2578 1414 quande,
2598 1358 2734 1417 pars

759 1435 1011 1492 existens
1033 1437 1457 1508 endecasillabi,
1481 1439 1642 1494 velut
1660 1456 1757 1493 eco
1782 1435 2107 1511 respondet.
2127 1438 2206 1493 Et
2228 1438 2278 1495 si
2295 1437 2336 1510 ⁴)
2356 1439 2421 1495 in
2439 1439 2620 1496 altero
2637 1458 2737 1515 pe·

759 1531 895 1590 dum
916 1540 1199 1591 exsortem
1215 1535 1441 1591 rithimi
1462 1535 1846 1591 desinentiam
1873 1553 1993 1591 esse
2011 1534 2329 1608 contingat,
2348 1534 2677 1593 omnimode
2687 1530 2730 1608 5)

643 1625 713 1680 10
759 1630 821 1685 in
852 1631 1032 1687 altero
1063 1632 1176 1688 sibi
1206 1633 1553 1689 instauratio
1585 1633 1702 1688 fiat.
1749 1631 1812 1687 Si
1851 1651 1985 1690 vero
2026 1633 2282 1706 quelibet
2321 1632 2642 1691 desinentia
2673 1632 2736 1689 in

760 1728 941 1785 altero
973 1729 1116 1803 pede
1160 1729 1386 1785 rithimi
1425 1731 1779 1786 consortium
1812 1729 2038 1800 habeat,
2071 1730 2136 1785 in
2169 1729 2350 1786 altero
2381 1735 2554 1803 prout
2591 1729 2737 1806 libet

758 1826 970 1882 referre
1021 1827 1114 1883 vel
1168 1827 1446 1884 innovare
1468 1822 1509 1898 ⁶)
1558 1827 1912 1883 desinentias
1965 1827 2118 1898 licet,
2176 1827 2269 1884 vel
2317 1827 2593 1901 totaliter,
2644 1827 2738 1889 vel

760 1923 823 1978 in
861 1931 1042 1998 parte,
1084 1925 1387 1980 dumtaxat
1407 1920 1447 1995 ⁷)
1494 1924 1928 1998 precedentium
1967 1926 2106 1982 ordo
2138 1930 2398 1982 servetur
2431 1926 2496 1980 in
2525 1929 2739 1996 totum;

758 2026 916 2093 puta,
958 2021 1007 2076 si
1046 2026 1301 2076 extreme
1341 2020 1662 2076 desinentie
1698 2020 1951 2076 trimetri
1967 2021 2027 2092 ⁸),
2065 2020 2175 2077 hoc
2213 2026 2301 2077 est
2331 2021 2521 2094 prima
2558 2025 2617 2078 et
2653 2022 2739 2079 ul-

761 2118 919 2190 tima,
950 2119 1380 2191 concrepabunt
1403 2119 1468 2173 in
1493 2119 1679 2193 primo
1711 2118 1871 2193 pede,
1905 2118 1987 2174 sic
2017 2118 2255 2174 secundi
2282 2123 2565 2175 extremas
2596 2116 2740 2175 desi-

892 2270 927 2304 1.
947 2269 980 2303 T
997 2270 1175 2304 caudam.
1245 2271 1278 2304 4.
1301 2269 1334 2303 T
1351 2269 1479 2315 {pm-i.
1535 2270 1567 2304 T
1587 2273 1788 2306 commata.
1859 2271 1894 2304 5.
1912 2270 1948 2305 G
1963 2270 2326 2317 stemmatum-[G
2342 2268 2591 2318 incomitatal'.
2658 2271 2693 2306 7.
2707 2270 2744 2308 G

761 2329 961 2364 trimlabo.
1053 2331 1088 2365 8.
1108 2330 1142 2364 G
1162 2330 1194 2363 T
1213 2333 1316 2365 οων-ιε.

761 2390 817 2423 13.
842 2388 878 2423 G
900 2388 1074 2432 imparia.

1410 2330 1446 2365 G
1464 2330 1496 2364 Τ
1514 2331 1642 2366 uelud.

760 2518 813 2542 un
834 2518 864 2551 p
887 2508 1215 2544 dell’amanuense
1237 2511 1370 2545 stesso.

762 2619 859 2666 ben
880 2619 1027 2666 facile
1058 2619 1122 2666 da
1148 2619 1420 2667 intendere.
1453 2620 1495 2665 E
1529 2620 1711 2667 ideolo·

764 2694 1042 2753 gicamente
1064 2694 1096 2739 l'
1106 2696 1279 2753 optata
1304 2695 1372 2741 mi
1395 2710 1594 2755 appaga
1615 2711 1714 2742 me-

765 2768 879 2827 glio.
906 2769 1040 2827 Apta
1072 2767 1288 2830 direbbe‚
1331 2785 1362 2815 a
1386 2771 1485 2816 mio
1517 2771 1711 2831 vedere,

764 2847 943 2903 troppo
959 2858 1096 2903 poco,
1107 2858 1133 2890 e
1146 2858 1245 2890 non
1264 2844 1315 2891 lo
1333 2845 1534 2891 direbbe
1550 2844 1602 2891 in
1618 2860 1715 2892 mo-

767 2917 830 2964 do
852 2918 1097 2964 acconcio.
1119 2918 1217 2966 Gfr.
1240 2924 1374 2966 sotto
1391 2922 1546 2979 prout
1566 2921 1693 2967 libet.

856 2992 892 3054 ¹)
918 2992 1047 3039 Giul.
1068 2994 1257 3053 cadent,
1277 2994 1607 3041 ristabilendo
1631 2994 1715 3054 poi

769 3068 955 3115 cadant
978 3067 1110 3114 nelle
1134 3069 1418 3116 correziom'.

857 3142 896 3203 2)
920 3142 1223 3190 Malamente
1254 3142 1291 3188 il
1322 3142 1465 3191 Oorb.
1504 3143 1718 3188 invenie·

768 3230 892 3275 mus,
918 3216 1162 3276 estirpato
1188 3216 1270 3262 dal
1295 3216 1452 3263 Torri.

859 3291 898 3350 3)
925 3291 1070 3337 Altro
1135 3305 1302 3337 errore
1363 3291 1716 3338 corbinelliano

765 3366 1121 3424 praemediato;
1160 3381 1187 3412 e
1226 3366 1264 3411 il
1295 3365 1438 3412 Torri
1476 3370 1638 3412 stesso
1676 3364 1722 3411 ci

773 3440 1024 3487 s'attenne
1067 3455 1264 3498 ancora,
1295 3456 1387 3501 pur
1426 3439 1634 3487 dicendo
1669 3440 1721 3485 in

773 3521 895 3561 nota
927 3515 1018 3561 che
1049 3514 1095 3561 V
1122 3530 1284 3562 aveva
1306 3516 1721 3575 praeimmediato

776 3588 827 3649 (a
864 3588 1031 3649 rigore
1074 3603 1168 3649 pre
1189 3590 1505 3652 immediato).
1552 3589 1720 3635 Primo

773 3662 812 3708 il
838 3663 965 3710 Giul.
990 3663 1173 3710 scrisse
1191 3666 1603 3724 praeimmediato.

863 3739 902 3799 ⁴)
928 3739 1002 3785 La
1023 3739 1132 3786 sola
1156 3739 1229 3786 ed.
1252 3739 1473 3800 principe
1498 3740 1588 3787 etsi
1612 3753 1725 3786 con-

777 3811 970 3871 giunto.

867 3887 905 3948 5)
924 3887 979 3933 L’
989 3887 1062 3934 ed.
1080 3892 1247 3935 stessa
1264 3889 1555 3948 omnimodO,
1575 3901 1726 3935 scom-

779 3965 925 4020 posto
956 3960 1087 4008 dalle
1119 3963 1228 4010 edd.
1255 3963 1537 4010 successive
1570 3977 1597 4009 e
1627 3977 1728 4009 non

779 4034 866 4094 piu
902 4041 1109 4097 mutato,
1149 4038 1364 4084 sebbene
1400 4037 1440 4084 il
1470 4037 1615 4084 'Porri
1649 4052 1726 4083 sa-

780 4122 928 4168 pesse
953 4109 1003 4154 di
1027 4112 1303 4158 omnimode
1331 4111 1382 4158 in
1408 4111 1466 4170 V,
1494 4125 1521 4157 e
1545 4111 1594 4157 lo
1626 4109 1727 4170 giu-

783 4181 978 4230 dicasse
1000 4185 1299 4244 preferibile.

1736 2332 1770 2365 9.
1788 2329 1823 2365 G
1839 2330 1872 2364 Τ
1893 2330 2045 2372 desim,-
2071 2330 2120 2374 [G
2138 2330 2397 2374 *decimiaL

1167 2389 1202 2424 G
1225 2391 1415 2433 damam,-
1437 2389 1469 2423 T
1487 2390 1583 2424 dum
1601 2390 1627 2423 d
1644 2393 1776 2432 taxat,
1805 2399 1876 2424 con
1899 2389 2122 2424 sbarratura
2142 2389 2205 2426 del
2227 2391 2266 2426 d.

761 2449 817 2484 14.
845 2448 908 2491 [Di
931 2450 967 2483 λ’
994 2458 1045 2482 un
1062 2448 1239 2491 imperito
1260 2459 1351 2493 pare
1373 2449 1414 2484 in
1430 2448 1466 2483 G
1484 2458 1577 2484 aver
1592 2449 1725 2486 voluto
1740 2449 1822 2484 fare
1837 2449 1912 2492 h⁰].

2487 2333 2545 2367 12.-
2557 2330 2593 2368 G
2611 2331 2744 2375 rqiero.

2356 2390 2390 2424 Τ
2411 2389 2431 2426 ‘i
2452 2390 2744 2434 praecanam.

2005 2451 2061 2485 15.
2085 2451 2117 2484 T
2137 2450 2444 2495 comremabwm;
2458 2459 2480 2486 e
2501 2459 2615 2495 sopra
2631 2449 2747 2488 all’m

1891 2621 1928 2683 6)
1955 2621 2156 2682 Sempre
2202 2622 2236 2667 l’
2253 2621 2328 2669 ed.
2378 2621 2747 2683 corbinellsiuna,

1802 2697 2046 2755 innovari,
2079 2697 2170 2742 che
2199 2711 2415 2744 nessuno
2445 2697 2532 2759 pin
2560 2698 2689 2746 bado
2717 2713 2749 2745 a

1803 2774 1985 2816 metter
2002 2786 2272 2832 comunque
2293 2772 2558 2821 d’accordo
2579 2772 2663 2822 ool>
2676 2783 2750 2822 re-

1802 2844 1939 2902 ferre
1977 2844 2290 2903 precedente.
2339 2877 2342 2880 -

1891 2918 1929 2978 7)
1953 2904 1996 2963 Ε
2021 2933 2203 2965 ancora
2229 2920 2358 2967 sulla
2382 2921 2640 2970 cosciennu
2670 2921 2752 2970 del

1806 2991 1948 3038 Oorb.
1972 2992 2062 3038 che
2085 3009 2244 3053 grava
2266 2994 2304 3041 il
2326 2996 2444 3043 dum
2467 2998 2631 3044 tamen
2648 2994 2752 3044 del·

1809 3066 1856 3111 le
1882 3070 2091 3127 stampe,
2117 3083 2147 3113 a
2173 3068 2252 3115 cui
2274 3084 2533 3119 nemmeno
2551 3071 2590 3118 il
2609 3071 2751 3121 'ron-i

1809 3140 1994 3199 preferi
2035 3142 2314 3203 dumtaxat,
2353 3159 2446 3204 pur
2479 3145 2752 3207 registi-an·-

1808 3215 1922 3261 dolo
1938 3230 2076 3262 come
2092 3216 2562 3267 lezionediV.—-Un
2575 3221 2646 3267 ibi
2661 3221 2752 3268 ohe

1809 3288 1892 3348 qui
1931 3288 1974 3336 si
2004 3288 2260 3338 ricavasse
2296 3291 2448 3340 dall’i
2477 3292 2528 3339 di
2558 3294 2600 3341 T
2644 3288 2751 3356 (cfr'.

1808 3377 1858 3422 p.
1890 3362 2002 3408 681.
2025 3364 2068 3421 2,
2097 3364 2184 3409 199
2211 3364 2244 3410 1.
2275 3363 2324 3424 1)
2356 3365 2579 3427 sarebbe,
2601 3382 2633 3416 a
2675 3365 2754 3416 dir

1813 3451 1951 3497 poco,
1977 3436 2240 3497 superfluo.

1898 3512 1935 3573 8)
1960 3511 2004 3557 Il
2024 3512 2180 3572 Terri,
2204 3511 2399 3560 sedotto
2422 3513 2485 3560 da
2504 3529 2604 3562 una
2622 3516 2755 3565 falsa

1811 3586 2106 3632 risoluzione
2138 3585 2257 3632 data
2285 3586 2350 3633 da
2381 3588 2425 3636 V
2455 3588 2505 3634 al
2530 3603 2755 3650 compen·

1813 3659 1894 3707 dio
1937 3659 2335 3720 dell'esemplare
2376 3661 2486 3723 (che
2517 3663 2677 3710 anche
2701 3664 2755 3711 la

1811 3733 2099 3781 traduzione
2131 3735 2387 3795 aggiunga
2417 3737 2589 3784 lasus
2617 3752 2754 3798 voce,

1814 3809 1841 3855 ὸ
1865 3808 2104 3869 erroneo),
2136 3808 2318 3856 scrisse
2343 3811 2633 3873 monem-am,
2662 3812 2754 3861 che

1815 3882 1886 3943 gli
1910 3897 2064 3943 parve
2087 3883 2182 3928 ben
2203 3899 2233 3930 a
2252 3888 2386 3932 torto
2409 3885 2648 3935 richieeto‘
2671 3886 2756 3935 dal

1815 3972 1974 4016 senso,
2014 3970 2041 4001 e
2082 3957 2224 4005 trovo
2261 3960 2451 4006 ascolto
2484 3961 2567 4008 nel
2598 3955 2756 4010 Prot?
2811 4006 2814 4008 r

1815 4047 1842 4079 e
1863 4031 1947 4078 nel
1967 4030 2110 4089 Giul„
2133 4037 2450 4094 quantunque
2469 4034 2553 4094 poi
2571 4034 2610 4081 il
2628 4035 2756 4084 aial.

1813 4106 1949 4153 fosse
1969 4120 2116 4166 preso
2133 4107 2216 4153 dal
2236 4107 2416 4154 dubbio
2438 4108 2528 4156 che
2547 4111 2759 4158 trimam

1815 4181 2078 4228 meritasse
2106 4175 2239 4228 forse
2264 4183 2316 4229 la
2338 4183 2639 4242 preferenza'.
