2996 4640
639 1952 710 2004 10

766 527 841 582 20
1375 547 1482 584 ΜΒ.
1532 529 1582 597 1,
1623 546 1743 584 on.
1777 548 1864 601 lv,
1905 530 1965 600 53
2005 549 2071 600 v,
2114 533 2160 585 1.

765 699 863 770 ba,
896 699 1022 772 ipso
1054 698 1449 772 distinguente
1482 700 1581 771 qui
1613 700 1833 755 maiora
1865 699 2171 757 distinxit?
2221 702 2375 768 Quid
2419 702 2516 758 ni?
2557 702 2747 768 Quare

764 796 837 851 ad
870 795 978 851 hoc
1017 801 1075 850 et
1114 796 1186 851 ad
1227 795 1472 868 quedam
1511 797 1624 852 alia
1664 796 1767 852 hec
1808 796 2068 853 sufficere
2100 797 2400 855 credimus.
2452 845 2478 865 ἡ

1153 1151 1203 1187 v.
1256 1134 1358 1187 Ubi
1394 1142 1440 1188 et
1479 1136 1565 1189 cui
1592 1135 1832 1206 primum
1862 1135 2007 1189 homo
2040 1135 2239 1189 locutus
2275 1136 2361 1190 sit.

914 1367 960 1420 1.
1003 1365 1364 1438 Oppinantes
1398 1371 1611 1436 autem,
1633 1385 1751 1421 non
1786 1366 1908 1421 sine
1930 1366 2155 1422 ratione
2188 1372 2309 1422 tam
2340 1385 2409 1422 ex
2441 1368 2747 1442 superiori-

761 1463 869 1517 bus
904 1481 1075 1534 quam
1109 1462 1479 1518 inferioribus
1512 1469 1762 1536 sumpta,
1805 1463 1877 1518 ad
1917 1463 2103 1537 ipsum
2141 1464 2458 1519 Dominum
2478 1462 2516 1535 ¹)
2544 1464 2743 1538 primi·

761 1566 854 1615 tus
901 1561 1154 1632 primum
1211 1560 1501 1615 hominem
1552 1560 1828 1616 direxisse
1880 1561 2262 1633 locutionem,
2314 1560 2744 1617 rationabiliter

761 1658 1005 1712 dicimus
1027 1653 1067 1728 ²)
1100 1659 1290 1730 ipsum
1318 1658 1647 1730 loquentem
1675 1659 1940 1731 primum,
1974 1677 2129 1727 mOX,
2164 1665 2471 1732 postquam
2511 1657 2740 1717 afflatus

760 1763 846 1811 est
884 1756 956 1810 ab
999 1756 1294 1811 animante
1332 1756 1574 1827 virtute,
1618 1756 2025 1811 incunctanter
2063 1756 2241 1811 fuisse
2279 1757 2552 1812 locutum.
2594 1757 2744 1813 Nam

759 1854 820 1907 in
859 1853 1090 1908 homine
1129 1853 1334 1907 sentiri
1380 1853 1688 1908 humanius
1727 1841 2011 1908 credimus
2071 1872 2244 1925 quam
2295 1853 2534 1926 sentire,
2575 1852 2738 1910 dum·

757 1949 928 2005 modo
960 1951 1246 2005 sentiatur
1289 1956 1348 2005 et
1386 1950 1601 2005 sentiat
1639 1956 1918 2022 tanquam
1950 1950 2137 2006 homo.
2181 1950 2244 2005 Si
2284 1969 2420 2022 ergo
2450 1950 2617 2006 faber
2646 1951 2747 2007 ille

757 2053 931 2118 atque
962 2047 1334 2121 perfectionis
1381 2047 1735 2120 principium
1785 2054 1843 2101 et
1889 2053 2137 2119 amator,
2179 2047 2450 2120 affland0‚
2490 2048 2741 2122 primum

754 2151 1018 2199 nostrum
1041 2143 1077 2214 ²³)
1117 2145 1275 2200 omni
1306 2145 1656 2219 perfectione
1685 2145 2021 2218 complevit,
2055 2145 2401 2200 rationabile
2432 2145 2602 2201 nobis
2635 2163 2736 2219 ap-

752 2248 916 2315 paret
964 2242 1391 2297 nobilissimum
1431 2243 1646 2297 animal
1692 2262 1809 2296 non
1867 2247 2000 2297 ante
2050 2242 2264 2296 sentire
2315 2261 2487 2313 quam
2537 2242 2743 2300 sentiri

897 2477 931 2508 1.
956 2475 991 2509 G
1016 2475 1048 2509 Τ
1073 2476 1276 2511 distinavit.
1375 2478 1409 2510 4.
1437 2476 1524 2511 Cosi
1543 2477 1575 2511 G
1595 2487 1699 2511 come
1723 2478 1753 2511 Τ
1778 2476 1974 2511 dovevano
1996 2478 2147 2520 portare
2174 2477 2364 2520 opinata.
2379 2476 2467 2510 Una
2489 2475 2648 2511 lineetta
2669 2474 2743 2511 sul·

751 2533 777 2566 l'
791 2545 816 2568 a
839 2535 872 2568 ei
895 2535 945 2568 de
962 2546 986 2570 a
1002 2545 1200 2570 conoscere
1211 2537 1380 2579 supplita
1397 2536 1437 2570 in
1460 2536 1661 2572 entrambi.
1733 2537 1769 2571 ΙΙ
1791 2537 2029 2571 trascrittore
2051 2536 2089 2571 di
2114 2536 2150 2571 G
2173 2545 2295 2571 aveva
2305 2536 2439 2571 scritto
2451 2535 2742 2579 euporbwnbue.

752 2595 950 2630 Accortosi
986 2596 1075 2631 dell‘
1085 2606 1223 2638 errore,
1261 2607 1421 2640 espunse
1443 2597 1473 2631 il
1497 2598 1539 2637 b,·
1557 2608 1620 2632 ma
1642 2598 1905 2641 l'espunzione
1938 2608 2012 2632 non
2044 2598 2154 2634 basto
2183 2608 2206 2632 a
2227 2607 2281 2632 un
2303 2597 2522 2641 posteriore,
2544 2596 2616 2632 che
2642 2594 2745 2632 velle

749 2656 870 2690 anche
891 2657 1008 2691 tirare
1026 2668 1078 2691 un
1102 2657 1208 2700 frego
1226 2656 1325 2692 sulla
1350 2657 1498 2692 lettera.
1615 2659 1647 2691 5.
1671 2657 1720 2700 [G
1743 2659 1829 2700 dm,
1855 2658 1936 2691 cioe
1960 2659 2092 2692 deum:
2116 2667 2168 2691 un
2185 2658 2298 2691 deum
2321 2655 2495 2691 ottonum
2516 2653 2743 2692 rasofflnndo

750 2716 786 2749 le
809 2715 883 2750 duc
905 2717 1038 2752 ultime
1062 2719 1143 2751 aste
1162 2717 1223 2751 del
1241 2717 1438 2760 primitivo
1463 2718 1569 2760 ἀῆτη,
1590 2727 1610 2751 e
1629 2717 1914 2761 oongiungendo
1937 2717 1976 2751 la
1997 2717 2159 2752 soconda
2180 2717 2277 2751 colla
2299 2717 2430 2759 ἴθι-23].
2523 2717 2557 2752 ⁷.
2583 2716 2619 2753 G
2635 2717 2669 2751 Τ
2689 2717 2740 2752 10-

751 2779 905 2817 qucnoe;
930 2777 1132 2819 [entrambi
1156 2777 1355 2820 loquentel.
1434 2778 1467 2810 8.
1493 2777 1525 2810 Τ
1549 2777 1790 2812 incunctater.
1860 2780 1893 2812 9.
1921 2777 1953 2811 Τ
1977 2778 2113 2812 sentim
2121 2791 2135 2817 ‚-
2159 2776 2329 2821 [sentiriJ.
2355 2775 2389 2809 E
2410 2775 2440 2810 il
2465 2776 2523 2810 -ri
2543 2774 2743 2811 all'nsoitn·

748 2835 768 2868 e
791 2834 1005 2871 oorreaione
1026 2844 1072 2869 su
1094 2844 1228 2870 rasura
1249 2835 1369 2870 anche
1389 2835 1430 2869 in
1454 2834 1506 2875 ἃς
1530 2845 1593 2871 ma
1616 2835 1683 2877 qui
1706 2834 1743 2868 lo
1767 2835 1893 2879 spazio
1915 2835 2069 2882 obbliga
2091 2846 2114 2869 a
2137 2835 2288 2870 credere
2311 2836 2381 2870 che
2403 2837 2586 2871 s‘aveese·
2601 2834 2739 2872 mun.

751 2896 805 2928 10.
832 2895 865 2928 Τ
888 2894 1039 2929 tendat.
1133 2896 1187 2929 12.
1213 2894 1249 2930 G
1273 2896 1523 2931 rationahiuo.

839 3098 875 3155 ¹)
900 3097 925 3142 1
949 3096 1077 3142 tanti
1096 3096 1236 3143 Deus
1258 3095 1336 3142 del
1365 3095 1578 3157 capitolo
1598 3110 1702 3156 pre·

751 3171 970 3230 cedente,
1006 3186 1032 3216 e
1064 3170 1217 3231 quelli
1247 3172 1339 3217 che
1376 3185 1528 3217 ancer
1558 3171 1700 3231 s'ag-

748 3245 1003 3306 giungono
1023 3245 1075 3291 in
1098 3252 1287 3305 questo,
1309 3259 1408 3291 non
1431 3261 1521 3292 son
1546 3251 1698 3306 punto

747 3335 847 3366 una
873 3321 1034 3366 buona
1061 3320 1268 3381 ragione
1293 3321 1476 3381 perche
1500 3319 1700 3367 s'abbia

749 3394 835 3456 qui
863 3394 929 3441 da
959 3395 1227 3454 escludere‚
1267 3409 1419 3455 come,
1451 3410 1539 3456 per
1568 3395 1698 3441 fatto

750 3472 830 3517 del
860 3477 1133 3518 correttore
1174 3469 1224 3515 di
1255 3471 1318 3530 G,
1346 3469 1559 3516 eccitato
1590 3484 1700 3529 pro-

748 3546 1050 3594 babilmente
1076 3545 1160 3591 dal
1185 3545 1266 3591 Tr.
1303 3546 1357 3602 (a
1380 3544 1524 3604 Dico),
1556 3543 1582 3587 ὲ
1614 3558 1700 3590 av-

748 3628 929 3670 vennto
972 3623 1142 3681 finora,
1182 3620 1219 3666 il
1257 3620 1527 3667 Dominum
1567 3618 1699 3665 della

746 3697 1018 3744 tradizione
1048 3696 1279 3742 schietta.
1312 3694 1378 3742 Oe
1404 3710 1466 3741 ne
1497 3709 1698 3755 persua·

747 3772 965 3818 deranno
990 3773 1007 3816 i
1031 3771 1178 3832 primi
1211 3769 1415 3831 capitoli
1446 3769 1579 3816 della
1596 3769 1697 3816 ‘Ge-

745 3847 866 3905 nesi‚
901 3846 990 3892 che
1021 3848 1187 3892 Dante
1220 3859 1382 3892 aveva
1413 3844 1495 3904 qui
1525 3859 1615 3904 per
1645 3844 1697 3891 la

745 3929 923 3966 mente.
954 3922 1047 3966 Nel
1079 3921 1238 3980 primo
1270 3921 1320 3966 la
1350 3919 1583 3978 Volgata„
1617 3933 1695 3964 ac·

744 4000 889 4040 canto
917 4011 947 4039 a
970 4011 1035 4039 un
1068 3995 1264 4040 subisso
1298 3994 1348 4039 di
1373 3994 1521 4050 Deus,
1554 3992 1601 4039 ci
1631 3992 1695 4038 da

741 4084 834 4127 pur
856 4083 1048 4128 sempre
1074 4085 1136 4114 un
1159 4069 1403 4115 Dominus
1425 4070 1467 4128 (ι
1488 4067 1692 4127 spiritus

741 4142 939 4187 Domini
978 4143 1234 4188 ferebatur
1265 4157 1605 4257 superffuas
1633 4142 1691 4202 ιι).

1753 3080 1765 3091 '
1791 3097 1882 3142 Nel
1930 3095 2142 3143 secondo
2189 3112 2215 3142 e
2258 3101 2392 3144 terzo
2435 3098 2643 3159 prevale
2689 3097 2742 3145 di

1791 3184 1917 3229 gran
1932 3170 2087 3230 lunga
2101 3171 2152 3216 la
2167 3170 2329 3217 forma
2347 3171 2626 3232 complessa
2641 3172 2740 3220 Do-

1789 3246 1953 3291 minus
1975 3245 2123 3303 Deus,
2155 3259 2238 3291 ma
2264 3246 2472 3305 qualche
2495 3245 2746 3295 Dominus

1790 3319 2024 3379 semplice
2063 3335 2163 3366 non
2192 3334 2369 3366 manca
2408 3319 2480 3367 ivi
2516 3335 2669 3381 pure3
2710 3335 2737 3367 e

1789 3397 1963 3453 questo
2009 3391 2195 3454 prende
2239 3391 2323 3452 poi
2361 3406 2393 3438 a
2431 3391 2739 3455 spadroneg-

1790 3467 1928 3527 giare
1955 3468 2036 3515 nel
2052 3473 2251 3530 quarto.

1878 3542 1914 3601 2)
1941 3544 2174 3589 Dioei‘mus
2203 3542 2337 3588 nella
2373 3541 2617 3603 ristampa
2655 3541 2738 3590 del

1787 3616 1972 3676 Maffei‚
2011 3631 2101 3678 per
2140 3616 2311 3663 effetto
2343 3616 2476 3663 della
2515 3617 2662 3678 quale
2697 3617 2736 3664 il

1785 3692 2004 3753 perfetto
2049 3691 2094 3738 si
2154 3691 2372 3738 trascinb
2438 3691 2490 3736 di
2549 3691 2624 3739 ed.
2684 3690 2737 3739 in

1787 3767 1876 3827 ed„
1925 3766 2084 3813 finche
2129 3780 2226 3813 non
2274 3766 2347 3826 gli
2384 3766 2428 3812 si
2468 3781 2654 3828 oppose
2697 3766 2736 3814 il

1787 3842 1958 3890 Witte.

1873 3918 1910 3976 3)
1942 3917 2021 3963 Tr.
2061 3918 2100 3963 il
2139 3917 2316 3976 primm
2351 3919 2499 3964 homa»
2515 3931 2531 3963 :
2572 3916 2734 3964 dende

1783 3990 1816 4036 1’
1830 3992 2072 4038 hominem
2113 3989 2162 4036 di
2193 3995 2322 4037 tutte
2353 3992 2400 4037 le
2434 3991 2556 4052 edd„
2588 4005 2618 4036 a
2651 3989 2734 4038 cui

1785 4066 1898 4126 pote
1945 4065 2254 4125 aggiungere
2296 4066 2509 4126 impulso
2553 4066 2590 4111 il
2623 4067 2732 4126 pri·

1781 4154 1915 4186 mum
1939 4142 2179 4186 hominem
2207 4139 2295 4186 che
2322 4139 2362 4185 s’
2378 4139 2444 4185 ha
2467 4139 2551 4200 piu
2577 4155 2651 4187 su.
