2996 4640
771 608 879 645 mn.
919 592 996 663 Π,
1037 610 1155 648 011».
1196 612 1315 665 v111,
1359 596 1480 666 7-8;
1522 614 1600 668 1x,
1644 599 1691 652 1.
2095 596 2200 656 169

219 763 470 817 tractare
515 762 892 821 intendimus.
967 770 1020 822 8.
1060 769 1140 823 Et
1178 769 1262 824 sic
1306 775 1470 843 patet
1518 772 1658 844 quid
1681 773 1719 843 ¹)
1769 775 1958 828 cantio
2011 775 2100 845 sit,
2141 781 2200 829 et

157 847 161 851 ’
216 861 392 928 prout
430 859 713 932 accipitur
758 864 1121 936 generaliter,
1161 873 1219 920 et
1264 873 1436 940 prout
1481 888 1584 941 per
1629 871 2195 942 superexcellentiam

216 962 489 1010 vocamus
522 975 665 1013 eam.
693 959 848 1014 Satis
877 961 1054 1015 etiam
1077 965 1120 1031 ²)
1149 968 1345 1035 patere
1371 963 1617 1035 videtur,
1651 967 1790 1037 quid
1816 967 2197 1039 intelligimus

215 1068 347 1106 cum
386 1054 717 1109 cantionem
760 1075 1062 1127 vocamus3
1104 1065 1163 1114 et
1200 1079 1302 1133 per
1341 1079 1694 1134 consequens
1734 1063 1934 1135 (χι-(16.3)
1975 1065 2052 1119 sit
2096 1065 2195 1119 ille

214 1146 390 1203 fascis
421 1168 592 1221 quem
623 1151 806 1224 ligare
838 1154 1123 1210 molimur.
1143 1155 1189 1225 ⁴)
2241 1167 2275 1219 5

369 1447 448 1484 lx.
489 1433 648 1486 Ponit
683 1452 780 1503 que
809 1435 916 1486 sint
935 1443 1124 1504 partes
1154 1437 1212 1488 in
1243 1439 1477 1491 cantione
1497 1441 1558 1506 ⁵),
1593 1447 1639 1491 et
1671 1442 1809 1510 qaod
1842 1444 2037 1495 stantia

679 1532 737 1583 in
769 1533 1005 1584 cantione
1026 1534 1391 1604 principalior
1411 1555 1548 1605 pars
1577 1538 1646 1589 sit
1666 1535 1723 1605 6).

364 1743 412 1794 1.
443 1740 612 1810 Quia,
646 1746 712 1795 ut
743 1740 962 1796 dictum
994 1747 1093 1812 est,
1124 1743 1316 1797 cantio
1345 1749 1431 1798 est
1458 1747 1790 1818 coniugatio
1825 1752 2191 1824 stantiarum,

141 1820 180 1823 Ἦ
206 1839 477 1911 ignorato
503 1836 644 1909 quid
666 1838 1009 1909 sit-stantia,
1033 1857 1262 1895 necesse
1283 1846 1369 1896 est
1391 1843 1718 1898 cantionem
1742 1845 2009 1917 ignorare
2026 1868 2037 1918 ;
2055 1861 2190 1904 nam

205 1954 276 1991 ex
306 1934 719 1991 diffinientium
750 1936 1084 2007 cognitione
1117 1938 1353 1992 diffiniti
1387 1940 1631 1995 resultat
1661 1943 1936 2013 cogniti03
1973 1951 2031 1998 et
2060 1946 2190 2001 ideo
2239 1949 2310 2001 10

207 2039 625 2106 consequenter
646 2033 715 2088 de
736 2035 952 2088 stantia
984 2040 1072 2089 est
1103 2036 1406 2106 agendum,
1435 2042 1500 2091 ut
1528 2038 1748 2092 scilicet
1778 2041 2127 2112 vestigemus
2149 2040 2188 2113 ⁷)

329 2177 361 2211 1.
386 2169 473 2211 Non
501 2177 523 2210 6
549 2176 699 2211 escluso
722 2177 882 2220 qualche
904 2179 964 2220 po’
980 2177 1018 2210 (ἱί
1042 2178 1184 2212 dubbio
1201 2179 1271 2213 che
1287 2179 1344 2212 cio
1359 2179 1428 2213 che
1446 2182 1476 2214 s’
1492 2181 1541 2215 ha
1559 2181 1599 2215 in
1616 2182 1648 2215 Τ
1672 2182 1729 2216 sia
1748 2182 1886 2218 cancie.

1108 2239 1141 2271 5.
1165 2238 1213 2273 V.
1226 2247 1261 2280 p.
1284 2239 1348 2272 168
1367 2238 1394 2273 l.
1412 2240 1432 2272 1
1449 2248 1531 2283 sgg.

203 2237 443 2272 eoeoelmaiam
473 2237 525 2282 (la
547 2236 735 2271 divisione
750 2237 869 2271 anche
890 2236 930 2270 in
956 2236 1014 2280 Τ).

204 2298 240 2331 9.
254 2295 287 2333 Τ
306 2296 466 2331 mucia.
561 2297 616 2330 10.
637 2297 669 2329 Τ
688 2296 896 2330 resultatal.

291 2451 332 2512 ¹)
353 2449 501 2498 Nella
539 2449 784 2510 ristampa
821 2451 1154 2497 fraticelliana

203 2526 286 2574 de}
310 2526 440 2584 1861,
468 2541 496 2572 e
521 2525 651 2571 nelle
683 2525 980 2584 successive,
1008 2529 1152 2585 quod.

289 2601 330 2661 2)
352 2602 536 2647 Invece
578 2599 630 2645 di
660 2601 812 2646 eiiam
851 2600 1154 2648 desidererei

203 2690 303 2722 una
312 2674 668 2733 congiunzione
679 2689 852 2720 consec
859 2675 1008 2733 utiva,
1021 2675 1154 2733 giac-

206 2749 298 2796 6116
318 2749 370 2795 di
390 2764 488 2796 una
509 2764 632 2796 vera
653 2749 899 2808 aggiunta
917 2763 946 2794 a
963 2749 1038 2794 cio
1062 2750 1153 2795 che

203 2825 230 2871 ὁ
241 2823 381 2871 detto
397 2824 479 2870 nel
491 2822 695 2883 periodo
716 2823 1038 2869 antecedente
1053 2837 1153 2869 non

204 2900 333 2948 vedo
357 2903 536 2959 troppo
562 2898 654 2943 6116
686 2897 731 2943 si
757 2912 908 2958 possa
938 2898 1153 2958 pariare.

199 2975 247 3022 Il
278 2972 568 3033 compendio
589 2972 653 3017 da
670 2972 748 3018 eui
778 2973 926 3019 etiam
952 2971 978 3016 6
998 2975 1151 3017 tutto-

200 3065 267 3097 ra
292 3050 674 3108 rappresentato
700 3047 752 3092 in
783 3047 823 3092 Τ
842 3046 1150 3106 (compendio

202 3122 314 3171 dia
337 3137 430 3169 con
447 3136 603 3180 segne
628 3122 800 3181 sopra)
818 3122 1033 3169 avr-ebbe
1050 3122 1151 3168 mai

200 3213 348 3259 prese
369 3197 408 3243 il
427 3201 572 3258 posto
596 3196 645 3242 di
667 3196 829 3256 quello
855 3196 903 3241 di
919 3197 1070 3256 iyitar
1087 3197 1150 3242 od

203 3287 316 3334 erqo
333 3272 358 3319 2
388 3272 446 3317 In
487 3272 560 3318 tal
601 3285 716 3318 caso
743 3276 918 3331 questo
945 3271 1148 3331 periodo

202 3349 556 3399 costituirebbe
580 3347 618 3393 11
642 3347 914 3408 paragrafo
939 3347 1101 3394 finale.

291 3426 328 3484 3)
354 3424 452 3471 Ofr.
477 3439 524 3483 p.
552 3423 639 3468 163
668 3439 714 3469 n.
739 3432 773 3463 4.
796 3423 942 3469 Certo
970 3422 1007 3466 il
1031 3423 1150 3481 quid

202 3498 529 3546 antecedente
560 3497 676 3557 pote
714 3496 852 3556 agire
894 3511 1042 3556 sopra
1082 3510 1148 3542 un

202 3573 543 3632 trascrittore3
569 3587 597 3618 e
622 3586 720 3617 non
741 3586 833 3631 par
854 3569 1035 3616 dubbio
1058 3571 1148 3618 6116

201 3649 252 3695 la
295 3647 551 3706 tendenza,
592 3661 681 3706 per
720 3649 863 3705 parte
904 3645 954 3690 di
998 3650 1147 3705 gente

201 3735 327 3781 poco
349 3720 605 3767 imbevuta
636 3719 687 3764 di
719 3718 1038 3778 classicismo,
1066 3719 1147 3765 do-

201 3794 333 3842 vess’
351 3808 490 3840 esser
519 3793 763 3853 piuttosto
789 3810 819 3840 a
844 3799 1036 3839 mutare
1065 3795 1148 3853 qui

200 3869 254 3915 in
283 3869 404 3929 quid
435 3867 638 3914 anziche
675 3869 798 3928 quid
831 3869 883 3914 in
922 3870 1021 3928 qui.
1063 3869 1147 3914 Ma

200 3942 340 3988 nulla.
365 3939 502 3988 vieta
524 3956 553 3986 a
573 3942 694 4000 quid
715 3941 766 3986 di
785 3955 952 3988 essere
976 3941 1146 4000 genui-

200 4020 435 4063 namente
461 4015 712 4061 dantesco.

286 4091 327 4150 ⁴)
359 4091 414 4136 V.
437 4104 553 4149 pag.
581 4089 668 4134 168
693 4104 740 4134 n.
763 4100 800 4136 2.

288 4166 335 4226 ⁵).
357 4165 401 4210 11
423 4164 564 4209 Corb.
590 4165 738 4222 Ponit
758 4178 867 4223 quae
886 4165 984 4210 sint
1008 4164 1146 4222 prin-

1970 2187 2003 2218 2.
2025 2185 2060 2219 G
2078 2196 2191 2227 snper

1626 2244 1657 2274 6.
1685 2241 1718 2275 G
1739 2242 1770 2275 T
1790 2243 1866 2277 sint
1877 2244 2109 2286 principales
2130 2245 2186 2280 in.

1245 2452 1430 2509 cipales
1468 2455 1521 2496 in
1556 2452 1790 2498 Contione
1824 2456 2025 2511 partes;
2059 2471 2084 2500 e
2116 2458 2187 2502 al-

1245 2524 1634 2572 l’intitolazione
1666 2527 1769 2572 cosi
1806 2529 2106 2587 completata
2149 2530 2185 2576 il

1241 2598 1375 2644 Frat.
1403 2602 1479 2660 (=
1498 2600 1660 2657 'rm-ri,
1695 2588 1842 2661 Giulss)
1871 2603 1996 2648 colse
2028 2603 2064 2647 il
2096 2606 2187 2650 Ρο-

1242 2676 1328 2719 nit.
1362 2674 1445 2719 Ma
1475 2690 1563 2733 per
1601 2690 1678 2721 me
1721 2686 1819 2721 una
1858 2677 2185 2725 collocazione

1244 2746 1435 2801 siffatta
1460 2748 1541 2794 del
1565 2752 1743 2807 partes
1774 2765 1873 2794 non
1909 2751 1975 2797 ha
2005 2753 2186 2798 verosi-

1241 2821 1510 2881 miglianza
1537 2823 1737 2882 alcuna3
1763 2839 1788 2870 e
1820 2825 2017 2884 ritengo
2049 2827 2185 2874 inve-

1243 2911 1298 2942 ce
1324 2896 1414 2942 che
1443 2900 1616 2956 questo
1649 2899 1888 2946 vocabolo
1922 2902 2050 2948 vada
2081 2898 2185 2949 sur-

1240 2974 1419 3029 rogato
1446 2972 1494 3017 al
1520 2974 1832 3032 principales
1863 2975 1943 3021 dei
1973 2993 2106 3035 mss,
2133 2978 2184 3023 in

1242 3050 1441 3104 quanto,
1474 3062 1563 3106 per
1595 3050 1916 3107 suggestione
1960 3051 2038 3097 del
2077 3067 2182 3098 suc-

1242 3122 1436 3169 cessivo
1486 3125 1851 3183 principalior,
1908 3125 1983 3171 sia
2046 3131 2179 3172 stato

1241 3195 1417 3242 sciolto
1448 3197 1746 3244 falsamente
1778 3214 1843 3244 un
1876 3202 2178 3259 compendio.

1241 3270 1342 3316 Gon
1368 3270 1441 3315 61ὸ
1475 3271 1520 3316 si
1544 3272 1695 3318 rende
1721 3288 1787 3317 un
1819 3273 2058 3333 servigio,
2082 3289 2180 3319 non

1238 3343 1542 3390 immeritato
1575 3347 1817 3404 stavolta,
1850 3347 1899 3391 al
1937 3348 2178 3393 fabbrica·

1240 3422 1346 3464 tore
1371 3418 1498 3465 delle
1522 3420 1772 3479 rubriche3
1793 3420 1974 3466 dacche
1990 3421 2025 3466 il
2037 3425 2179 3481 prin-

1240 3495 1426 3550 cipales
1472 3508 1570 3539 non
1624 3494 1649 3538 6
1705 3496 1794 3539 6116
1838 3496 1882 3540 d’
1905 3495 2175 3554 ingombro.

1237 3565 1529 3612 Preferibile
1562 3566 1754 3627 dunque
1784 3568 1831 3612 di
1867 3568 2029 3614 sicuro
2062 3584 2174 3627 que—

1239 3645 1319 3686 sta.
1359 3640 1542 3700 ipotesi
1581 3642 1832 3699 all'altra,
1874 3642 1963 3688 che
2010 3643 2058 3688 la
2098 3659 2174 3690 so-

1239 3715 1508 3774 miglianza
1553 3715 1676 3761 delle
1721 3716 2174 3775 rappresentazioni

1236 3789 1525 3836 abbreviate
1576 3788 1720 3834 abbia
1764 3790 1891 3834 fatto
1942 3791 2172 3836 smarrire

1228 3866 1404 3922 paries
1429 3867 1633 3908 accanto
1659 3878 1689 3909 a
1703 3864 2026 3921 principales.

1324 3938 1360 3997 6)
1392 3938 1437 3982 Il
1463 3936 1602 3982 Gorb.
1627 3938 1709 3994 est,
1734 3936 1940 3982 rimasto
1963 3937 2134 3983 finora.

1322 4012 1360 4070 7>
1390 4012 1433 4056 11
1474 4010 1616 4069 Giul„
1644 4010 1773 4055 sulla
1804 4010 1915 4056 fede
1949 4010 1998 4055 di
2029 4012 2094 4070 V,
2122 4012 2171 4057 di

1235 4086 1314 4132 cui
1338 4084 1373 4130 il
1404 4084 1543 4129 Torri
1567 4083 1772 4130 riferiva
1799 4084 1849 4129 in
1878 4090 1998 4130 nota
2022 4085 2070 4130 la
2102 4087 2169 4130 le-

1233 4159 1399 4218 zione,
1432 4160 1788 4216 investiqemas.

1984 4239 2027 4276 22
