2996 4640
715 1098 748 1149 5

683 1580 753 1633 10

795 544 868 598 68
1440 557 1547 595 m.
1588 541 1638 609 Ι,
1680 557 1797 594 οΔι».
1838 557 1944 610 xu,
1985 539 2109 594 5-7.

793 714 1133 770 eliciendum
1161 711 1403 781 videtur,
1426 711 1770 785 prelationis
1799 711 2037 767 minime
2068 711 2315 784 dignum
2344 712 2624 786 est,quia
2647 728 2769 769 non

793 811 913 866 sine
945 807 1189 881 quodam
1215 815 1470 880 tempore
1497 805 1805 880 profertur,
1838 812 1904 862 ut
1936 811 2079 879 puta
2108 806 2194 862 ibi
2220 804 2282 876 ¹):
2317 807 2559 882 Traqemi
2587 807 2640 864 d'
2670 817 2772 864 oete

780 907 974 979 foeora
1052 925 1106 961 se
1143 904 1177 958 ι’
1207 914 1307 960 este
1336 924 1372 959 a
1402 905 1680 959 bolantate.
1702 900 1742 972 ²)
1776 902 1840 958 Si
1875 909 2071 959 autem
2101 903 2294 977 ipsum
2322 903 2580 977 accipere
2610 901 2771 961 volu-

795 1021 919 1058 mus
950 1001 1259 1057 secundum
1285 998 1323 1071 ³)
1355 998 1509 1072 quod
1546 1001 1619 1056 ab
1661 1018 1758 1055 ore
1797 1000 2115 1073 primorum
2154 999 2479 1056 Siculorum
2517 1005 2770 1073 emanat,

793 1107 859 1154 ut
887 1099 949 1153 in
987 1097 1353 1171 preallegatis
1385 1097 1758 1153 cantionibus
1797 1097 2078 1171 perpendi
2108 1102 2328 1171 potest,
2357 1096 2540 1153 nichil
2576 1094 2775 1154 differt

795 1197 865 1252 ab
896 1195 996 1251 illo
1028 1194 1181 1267 quod
1211 1194 1735 1251 laudabilissimum
1763 1200 1865 1266 est,
1893 1195 2045 1250 sicut
2072 1194 2317 1251 inferius
2341 1193 2714 1254 ostendimus.
2735 1194 2777 1266 ⁸)

794 1294 845 1347 6.
876 1292 1056 1366 Apuli
1082 1310 1323 1364 quoque,
1350 1293 1444 1348 vel
1476 1311 1511 1347 a
1535 1293 1624 1348 sui
1658 1292 1989 1364 acerbitate,
2015 1292 2109 1349 vel
2135 1291 2515 1348 finitimorum
2539 1308 2774 1350 suorum

794 1390 1190 1462 contiguitate,
1222 1389 1323 1460 qui
1354 1389 1607 1444 Romani
1638 1395 1695 1444 et
1734 1388 2060 1444 Marchiani
2090 1396 2249 1460 sunt,
2281 1389 2532 1462 turpiter
2571 1388 2780 1447 barba·
2825 1388 2829 1395 ’

793 1487 992 1540 rizant.
1020 1484 1239 1539 Dicunt
1269 1484 1440 1551 enim,
1475 1485 1696 1540 Volzera
1721 1487 1806 1540 che
1837 1487 2129 1559 chiatzyesse
2154 1486 2203 1540 lo
2230 1493 2502 1566 quatraro.
2579 1484 2630 1541 ¹7.
2660 1481 2775 1541 Sed

797 1582 1055 1655 quamvis
1086 1583 1375 1654 terrigeno
1413 1581 1594 1655 Apuli
1631 1582 1944 1655 loquantur
1983 1582 2226 1637 obscene
2264 1581 2611 1654 comuniter,
2646 1599 2777 1656 pre-

794 1679 1080 1752 fulgentes
1129 1698 1326 1735 eorum
1359 1678 1594 1751 quidam
1626 1679 1806 1753 polite
1849 1680 2031 1736 locuti
2072 1686 2233 1751 sunt,
2271 1678 2555 1736 vocabula
2591 1679 2779 1736 curia-

794 1777 938 1832 liora
967 1778 1031 1831 in
1067 1777 1186 1832 suis
1212 1775 1581 1832 cantionibus
1621 1775 2037 1849 compilanteS,
2076 1779 2143 1830 ut
2192 1773 2500 1832 manifeste
2533 1781 2780 1852 apparet

930 1924 962 1956 1.
987 1921 1023 1956 G
1041 1921 1273 1956 elitiendum.
1331 1922 1364 1955 2.
1392 1921 1424 1955 T
1439 1924 1539 1964 pm
1556 1920 1576 1956 ἶ
1595 1919 1644 1965 (G
1661 1913 1719 1963 ii).
1791 1923 1824 1957 3.
1846 1922 1882 1957 G
1900 1922 2094 1958 bolontate.
2162 1923 2239 1957 3-4.
2261 1920 2312 1966 [G
2329 1922 2539 1967 nolwmueJ.
2598 1922 2634 1958 4.
2652 1920 2730 1967 Qui
2745 1921 2781 1957 d

797 1981 916 2023 ripete
948 1979 972 2014 1·
987 1979 1275 2015 abbrevinzione
1311 1987 1355 2028 β,
1379 1980 1710 2016 sostanzialmente
1739 1981 1877 2026 uguale
1910 1981 2077 2017 stavolta
2108 1981 2172 2016 nei
2208 1980 2283 2016 due
2315 1979 2436 2016 codici
2450 2007 2459 2023 ,
2484 1989 2506 2015 e
2527 1980 2569 2015 in
2590 1979 2783 2017 eumn

797 2040 1010 2083 preceduta,
1032 2051 1094 2076 ma
1111 2050 1186 2075 non
1206 2041 1367 2086 sogum,
1387 2041 1436 2076 da
1458 2051 1512 2076 un
1533 2042 1670 2085 puntm
1694 2042 1743 2086 [G
1763 2042 1873 2085 *eed].
1943 2041 1980 2076 G
1997 2041 2096 2083 hore.
2122 2041 2206 2076 coll'
2221 2042 2246 2076 h
2268 2042 2441 2085 eepunta.
2510 2041 2545 2077 7.
2570 2041 2608 2078 G
2624 2041 2782 2079 nun&-

798 2103 881 2135 tata.
973 2101 1027 2135 10.
1053 2101 1100 2134 In
1123 2100 1158 2134 G
1181 2101 1214 2134 ai
1238 2100 1390 2136 dovette
1415 2101 1582 2135 scrivere
1600 2101 1717 2144 qud„
1747 2111 1770 2135 o
1793 2102 1972 2144 quandi-.
1998 2102 2037 2136 A
2055 2100 2190 2145 questo
2206 2101 2345 2144 punto,
2366 2109 2408 2136 ee
2425 2109 2503 2135 ιιοιι
2517 2109 2621 2146 erro,
2645 2100 2682 2137 ni
2702 2110 2781 2145 cor·

798 2169 916 2199 reeee„
942 2159 1163 2194 raachiando
1185 2159 1214 2193 il
1237 2161 1262 2194 d
1285 2169 1306 2194 e
1339 2159 1557 2195 mutandolo
1579 2161 1620 2194 in
1643 2169 1694 2194 un
1718 2170 1769 2202 ιι,
1794 2170 1860 2195 ora
1881 2170 1974 2203 poco
1995 2159 2147 2202 omaro,
2171 2169 2248 2194 non
2277 2169 2320 2194 so
2351 2159 2448 2194 bene
2468 2159 2620 2204 perche.
2651 2160 2711 2196 Ne
2731 2161 2781 2196 ri-

797 2218 897 2252 sulm
924 2229 976 2253 un
999 2217 1131 2262 ᾶηαίε,
1155 2219 1196 2253 ἰιι
1230 2219 1343 2264 luogo
1364 2219 1426 2254 del
1456 2219 1568 2255 solito
1591 2220 1686 2264 {uie
1699 2247 1708 2263 ‚
1733 2229 1804 2254 con
1834 2221 1970 2263 questa
2002 2217 2248 2263 peculiarita,
2271 2218 2342 2253 che
2362 2217 2402 2254 la
2421 2218 2524 2254 linea
2543 2208 2727 2256 olidum
2747 2219 2784 2255 ei

798 2277 950 2312 ostende
971 2276 1089 2312 anche
1111 2278 1198 2312 sull’
1212 2289 1241 2312 n
1262 2278 1308 2313 ed
1331 2279 1352 2312 ὸ
1373 2279 1441 2322 piu
1466 2279 1673 2322 eomplesea
1693 2277 1782 2313 dell’
1797 2278 1999 2321 ordinario,
2026 2278 2158 2313 invece
2179 2278 2250 2312 che
2271 2277 2319 2313 ad
2340 2279 2406 2312 un’
2419 2287 2468 2321 π,
2485 2276 2783 2321 pom'rw

799 2338 1012 2381 somigliare
1029 2338 1078 2373 ad
1100 2340 1165 2372 un’
1179 2348 1220 2373 m
1242 2338 1449 2374 stiacciata.
1519 2339 1552 2373 T
1569 2339 1745 2382 ter-rimmo
1755 2353 1770 2379 ,·
1794 2348 1856 2374 ma
1883 2338 1917 2373 ei
1939 2338 2052 2374 stava
2073 2337 2272 2374 scrivendo
2295 2338 2496 2382 amoime,
2521 2346 2546 2374 e
2565 2337 2787 2378 nim

800 2398 1059 2441 primachel’
1079 2408 1097 2432 e
1121 2398 1219 2433 fosse
1241 2398 1444 2442 oompim
1469 2398 1674 2443 Βίων-ιρι·
1697 2398 1901 2442 (ι’νίρί-)ε’
1916 2407 2077 2441 erapur
2099 2397 2295 2433 sonttoin
2319 2397 2372 2440 G,
2397 2396 2666 2446 equiparel’
2680 2397 2783 2443 in,

800 2468 823 2492 a
845 2460 985 2501 quanto
1008 2467 1120 2501 pare,
1145 2459 1292 2492 mutato
1313 2457 1354 2492 in
1388 2467 1407 2492 ο
1439 2458 1571 2493 avanti
1593 2457 1634 2493 di
1655 2457 1834 2501 proceder-
1855 2458 1923 2501 piu
1946 2457 2054 2492 oltre.
2147 2459 2203 2492 12.
2229 2457 2261 2490 Τ
2284 2456 2538 2492 σωησίοπῶω.
2625 2451 2675 2497 Ῑιι
2697 2454 2735 2494 G
2754 2456 2788 2495 11

802 2521 923 2563 -seete,
947 2521 988 2555 in
1010 2520 1063 2554 fin
1085 2520 1126 2554 di
1146 2519 1270 2561 linea,
1305 2518 1447 2554 dovett’
1462 2529 1565 2555 esser
1587 2518 1831 2554 ‹limentIcato
1855 2528 1876 2553 e
1898 2518 2125 2563 soggiunto,
2150 2517 2291 2553 dacche
2312 2515 2510 2552 trascende
2531 2524 2600 2562 por
2620 2511 2748 2554 m
2769 2515 2787 2552 1
2821 2546 2829 2553 .

800 2579 914 2614 limiti
935 2578 1237 2613 connsueti.Pe1-e
1259 2578 1292 2612 si
1315 2578 1462 2621 capisce
1483 2578 1553 2613 che
1576 2577 1634 2612 sia
1655 2577 1775 2612 anche
1796 2576 1837 2611 di
1859 2576 1998 2612 lettera
2019 2586 2073 2611 ιιιι
2095 2576 2258 2620 pochino
2279 2576 2348 2619 piu
2368 2573 2526 2620 piwoh.

893 2702 927 2764 ¹)
953 2705 1026 2751 La
1048 2704 1211 2750 buona
1230 2703 1416 2750 lezione
1441 2703 1469 2748 ὁ
1491 2700 1749 2749 indubbia·

802 2784 967 2826 mente
998 2778 1031 2824 l’
1045 2779 1113 2825 ibi
1151 2779 1241 2825 che
1280 2778 1344 2824 da
1369 2778 1413 2824 G
1434 2776 1586 2838 passo
1618 2777 1745 2823 nelle

1837 2717 1867 2748 a
1890 2700 2068 2761 quella,
2085 2698 2171 2760 piu
2190 2699 2340 2755 ovvia
2355 2699 2438 2747 nel
2461 2704 2786 2760 canonum,

1837 2775 1950 2822 dell’
1965 2774 2189 2822 italiano.
2233 2775 2430 2832 Quanto
2462 2773 2566 2822 alla
2597 2773 2788 2825 lotione

804 2853 1012 2901 edizioni
1034 2854 1101 2899 fin
1124 2852 1206 2899 dal
1226 2852 1481 2913 principio,
1497 2856 1690 2899 mentre
1711 2850 1749 2896 il

803 2927 883 2973 Tr.
911 2941 1071 2974 aveva
1095 2926 1329 2986 tradotto,
1355 2941 1494 2974 cwme
1518 2928 1554 2987 ὲ,
1579 2929 1632 2973 in
1649 2940 1748 2973 ecc.

805 3002 941 3050 Oltre
962 3002 1063 3049 alla
1082 3002 1311 3062 maggior
1331 3002 1662 3050 convenienza
1683 3002 1751 3048 in·

805 3075 1043 3134 trinseca,
1084 3077 1129 3123 si
1171 3077 1257 3123 cfr.
1297 3077 1361 3135 ΙΙ,
1393 3090 1502 3137 1111,
1528 3080 1557 3123 2
1583 3092 1610 3124 e
1634 3078 1677 3124 8.
1707 3078 1749 3122 E

806 3148 1152 3197 l’alterazione
1181 3150 1233 3197 in
1264 3157 1283 3197 Ξ
1313 3151 1364 3196 di
1395 3166 1461 3198 un
1483 3152 1552 3197 ibi
1577 3151 1751 3197 abbre-

807 3224 964 3284 viato,
990 3225 1135 3284 quale
1166 3225 1211 3272 ci
1243 3227 1270 3272 e
1299 3225 1380 3286 qui
1413 3226 1533 3272 dato
1566 3226 1629 3273 da
1654 3226 1700 3272 G
1725 3239 1752 3271 e

809 3298 872 3344 da
894 3300 1138 3347 entrambi
1152 3299 1171 3345 i
1186 3300 1342 3347 codici
1362 3301 1500 3361 negli
1519 3300 1636 3347 altri
1658 3301 1753 3347 due

809 3372 992 3431 luoghi,
1017 3372 1044 3418 ὸ
1068 3387 1135 3419 un
1157 3373 1286 3419 fatto
1312 3373 1394 3423 dei
1413 3374 1499 3434 piu
1522 3373 1752 3421 naturali.

895 3447 931 3505 2)
956 3446 1050 3494 Nel
1083 3447 1187 3494 cod.
1230 3447 1387 3494 Vatic.
1425 3449 1558 3508 3793,
1603 3451 1755 3495 trama·

811 3521 940 3567 deste
961 3522 1136 3579 focora
1165 3525 1334 3568 coteste
1356 3524 1646 3569 abolontate.
1664 3524 1756 3570 No-

811 3599 1042 3642 nostante
1066 3597 1158 3641 che
1183 3597 1266 3656 qui
1288 3612 1409 3656 pure
1441 3597 1479 3642 s’
1497 3598 1646 3644 abbia
1675 3599 1756 3644 bo-

812 3670 1014 3728 lontate,
1051 3670 1320 3730 preferisco
1350 3671 1388 3716 il
1427 3673 1605 3719 bolun-
1637 3671 1688 3718 di
1717 3673 1757 3718 T

814 3743 863 3788 al
886 3744 1059 3790 bolon-
1083 3744 1133 3789 di
1158 3746 1215 3803 G,
1240 3746 1419 3804 perche
1439 3746 1758 3807 rispondente

816 3817 917 3862 alla
969 3818 1185 3865 fonetica
1245 3819 1471 3867 siciliana
1529 3821 1757 3868 schietta.

818 3890 920 3935 Che
966 3906 1020 3937 se
1049 3892 1082 3937 l’
1098 3906 1131 3937 u
1177 3893 1575 3952 potrebb’essere
1621 3895 1760 3941 attri-

819 3962 956 4009 buito
978 3965 1236 4012 all'azione
1262 3967 1342 4013 del
1357 3968 1513 4014 latino
1530 3984 1680 4029 sopra
1693 3984 1760 4015 un

820 4038 1141 4098 trascrittore,
1184 4055 1273 4086 con
1307 4043 1537 4102 maggior
1575 4043 1763 4090 verosi-

821 4110 1086 4171 miglianza
1115 4114 1159 4158 ci
1200 4115 1313 4160 sara
1339 4115 1401 4160 da
1426 4117 1656 4163 attribuit
1684 4117 1717 4163 l'
1735 4131 1762 4164 ο

1836 2849 2092 2909 vaticana,
2127 2863 2184 2896 ce
2208 2863 2271 2896 ne
2300 2847 2601 2910 dipartiamo
2629 2848 2789 2906 mehe
2830 2861 2833 2863 ·

1839 2925 1915 2971 col
1943 2925 2183 2984 Traqemi.

1926 2999 1965 3056 3)
1990 2999 2069 3044 Tr.
2102 3000 2164 3046 Se
2184 2999 2357 3059 questa»
2375 2999 2467 3056 poi
2495 3012 2606 3047 nm
2625 2999 2790 3059 οφθα-

1838 3087 1925 3120 mm
1945 3074 2143 3132 pilJ'are,
2161 3086 2249 3120 ma
2267 3074 2448 3133 quella»,
2467 3074 2612 3132 chem,
2599 3071 2789 3125 ·dcn‹le

1840 3149 1885 3196 si
1920 3149 2045 3195 vede
2085 3164 2223 3196 come
2258 3149 2335 3197 sia
2367 3148 2442 3196 lui
2476 3148 2790 3211 viavit-tere
2876 3174 2878 3177 ·
2968 3174 2971 3186 f

1841 3224 1923 3271 del
1961 3227 2188 3272 nolumus
2231 3225 2320 3272 sed
2336 3258 2349 3284 ,
2389 3226 2597 3284 pusato
2638 3223 2705 3271 d·
2743 3222 2792 3271 G

1841 3299 1956 3345 nell’
1972 3299 2047 3347 ed.
2073 3298 2310 3360 principe,
2335 3312 2364 3345 e
2387 3300 2691 3345 mantenutc.
2707 3295 2792 3358 poi

1840 3373 1893 3420 in
1933 3378 2063 3420 tutte
2103 3372 2152 3429 1ο
2191 3372 2489 3420 successive.
2519 3371 2582 3422 In
2614 3374 2791 3437 quanto

1843 3463 1961 3495 caso
1991 3448 2027 3494 il
2054 3447 2480 3495 frantendimento
2511 3444 2563 3495 di
2590 3444 2670 3495 οἱὸ
2697 3445 2792 3496 cho

1843 3521 2038 3569 doveva
2062 3521 2283 3582 leggersi
2306 3521 2577 3568 secundum
2597 3532 2686 3567 era
2706 3517 2793 3580 pst

1844 3596 2103 3655 scusabile,
2123 3611 2149 3642 e
2170 3596 2221 3642 la
2236 3594 2474 3658 semplice
2487 3592 2794 3655 paleamne

1843 3685 1943 3717 non
1981 3671 2191 3717 sarebbe
2223 3675 2360 3718 stata
2389 3671 2562 3719 contro
2585 3667 2640 3716 di
2677 3681 2793 3717 cuo

1845 3757 1913 3790 un
1934 3744 2277 3804 preservativo
2308 3742 2598 3793 sufficiente.
2622 3741 2793 3793 auehe

1846 3819 1892 3865 V
1915 3819 1982 3866 ha
2003 3821 2090 3866 sed
2110 3819 2193 3879 qui
2215 3833 2351 3879 pure.

1933 3894 1971 3951 ⁴)
1995 3893 2197 3939 Indotto
2227 3892 2293 3940 da
2322 3891 2419 3938 due
2450 3879 2687 3952 suppocte
2711 3890 2818 3938 ati

1849 3967 2016 4023 toi-ita,
2028 3967 2068 4012 il
2081 3967 2174 4024 Tr„
2194 3966 2283 4012 che
2306 3980 2467 4014 aveva
2486 3964 2707 4012 tradotto
2721 3965 2796 4011 ai-

1851 4044 2193 4098 mwetrerem,
2210 4055 2237 4086 e
2252 4041 2311 4100 V,
2326 4040 2365 4085 il
2382 4039 2524 4087 Torri
2541 4032 2795 4100 (=-.Frat.‘?‚

1852 4115 2004 4177 Giul.)
2031 4115 2214 4163 scrisse
2237 4115 2556 4161 ostendemus.
