2996 4640
735 1631 804 1682 10

1518 591 1625 630 ms.
1667 576 1721 646 I,
1764 592 1881 630 oAP.
1922 594 2006 647 w,
2048 577 2165 631 3-4.

853 768 1026 820 quam
1053 749 1246 803 sensui
1284 748 1542 821 spatulas
1564 745 1598 818 ¹)
1630 749 1818 805 nostri
1849 749 2050 806 iudicii
2081 750 2401 825 podiamus.
2441 753 2522 809 Et
2567 753 2833 828 quamvis
2898 738 2903 744 ’

853 847 925 902 ad
965 846 1322 919 voluptatem
1368 852 1644 920 nostram,
1697 847 1818 903 sive
1868 853 2062 905 nostre
2116 844 2506 908 sensualitatis
2557 852 2831 926 quietem,

855 944 916 997 in
950 943 1118 998 terris
1151 943 1410 997 amenior
1450 942 1607 998 locus
1657 962 1829 1016 quam
1869 944 2171 1002 Florentia
2219 965 2339 1002 non
2378 947 2614 1021 existat,
2654 948 2834 1005 revol-

851 1046 1052 1095 ventes
1086 1046 1143 1095 et
1176 1045 1479 1116 poetarum
1514 1046 1571 1095 et
1604 1040 1850 1096 aliorum
1888 1042 2235 1116 scriptorum
2265 1044 2588 1117 volumina,
2622 1045 2834 1118 quibus

856 1141 1104 1195 mundus
1137 1140 1545 1195 universaliter
1574 1146 1633 1195 et
1665 1140 2033 1196 membratim
2076 1141 2446 1215 describitur,
2485 1143 2832 1201 ratiocinan-

850 1244 1050 1311 tesque
1090 1241 1153 1293 in
1182 1238 1352 1294 nobis
1391 1239 1735 1295 situationes
1773 1240 1965 1295 varias
2004 1239 2206 1295 mundi
2245 1240 2499 1297 locorum
2541 1246 2600 1297 et
2637 1258 2835 1298 eorum

850 1336 1253 1391 habitudinem
1304 1335 1377 1390 ad
1447 1342 1739 1408 utrunque
1790 1336 1987 1411 polum
2037 1344 2096 1393 et
2142 1338 2421 1394 circulum
2469 1326 2835 1413 equatorem,

851 1433 1064 1489 multas
1114 1452 1235 1488 esse
1281 1434 1691 1508 perpendimus
1712 1431 1751 1503 ²)
1800 1434 2156 1507 firmiterque
2202 1454 2499 1492 censemus
2545 1443 2604 1493 et
2649 1438 2836 1512 magis

850 1531 1073 1586 nobiles
1101 1537 1158 1586 et
1185 1533 1370 1603 magis
1392 1530 1688 1587 delitiosas
1713 1537 1771 1587 et
1799 1532 2064 1603 regiones
2089 1539 2148 1588 et
2174 1533 2345 1589 urbes
2370 1552 2544 1606 quam
2569 1534 2837 1592 Tusciam

852 1635 910 1683 et
940 1630 1320 1700 Florentiam,
1352 1629 1505 1684 unde
1538 1647 1733 1684 sumus
1752 1627 1789 1700 ³)
1822 1630 2100 1686 oriundus
2149 1637 2207 1686 et
2246 1631 2413 1701 civis,
2449 1637 2507 1687 et
2536 1632 2837 1707 plerasque

851 1726 1117 1780 nationes
1157 1731 1215 1780 et
1261 1730 1463 1796 gentes
1511 1724 1933 1779 delectabiliori
1979 1729 2154 1797 atque
2193 1725 2417 1781 utiliori
2457 1743 2716 1782 sermone
2745 1724 2836 1781 uti

852 1842 1026 1894 quam
1064 1822 1293 1876 latinos.
1369 1822 1421 1874 4.
1463 1818 1794 1875 Redeuntes
1831 1819 2014 1892 igitur
2053 1820 2126 1875 ad
2164 1822 2544 1894 propositum,
2585 1820 2830 1878 dicimus

1855 1960 1888 1993 3.
1915 1958 1949 1992 G
1968 1959 2022 2001 Τ,
2047 1971 2070 1994 a
2094 1960 2171 1994 mio
2192 1960 2341 2004 vedere,
2369 1971 2551 1996 amemor.
2642 1961 2679 1996 G
2699 1961 2752 2005 T,
2776 1962 2837 1997 in·

2145 2019 2299 2063 GT.s.
2407 2021 2641 2057 GTeoeitat.
2710 2021 2839 2058 ⁹.G'1'

983 1967 1015 1998 1.
1044 1963 1094 2008 [G
1112 1957 1247 2006 *ἔγχος
1259 1990 1267 2003 ,
1289 1962 1336 1996 da
1355 1961 1506 1995 rifcrirc
1522 1970 1546 1994 a
1563 1960 1761 2003 spatulas}

847 2035 939 2059 voce
957 2025 997 2059 di
1012 2024 1054 2069 fi..
1076 2025 1202 2059 hannc
1219 2022 1243 2068 ‘q'
1261 2034 1331 2058 con
1347 2033 1399 2057 un
1418 2023 1532 2056 tenne
1550 2020 1615 2054 fllo
1633 2018 1862 2053 tresversale
1883 2018 1921 2052 al
1940 2019 2063 2061 piede.

848 2086 1003 2120 tucia-m.
1096 2087 1150 2119 10.
1177 2085 1252 2128 Qui
1275 2085 1316 2118 in
1341 2082 1526 2117 ambedue
1549 2081 1563 2114 i
1586 2079 1706 2115 codici
1719 2076 1807 2123 fici
1892 2078 1942 2120 [G
1960 2080 2021 2121 *s.
2045 2081 2159 2122 mmJ.
2254 2082 2311 2114 12.
2336 2080 2381 2123 T,
2406 2090 2474 2124 per
2496 2090 2561 2117 ecc
2580 2081 2622 2117 di
2638 2082 2841 2127 νορίοηωθ

846 2145 1028 2185 nationes,
1054 2145 1123 2179 che
1154 2146 1291 2179 stanno
1313 2152 1426 2186 sopra
1448 2152 1470 2175 o
1493 2141 1603 2184 quasi
1636 2138 1736 2174 nelle
1765 2138 1839 2172 due
1867 2137 1967 2171 linee
1990 2138 2224 2183 precedenti,
2250 2140 2318 2183 piu
2339 2140 2663 2176 verosimnmentn
2684 2141 2756 2176 che
2771 2150 2841 2185 por

848 2205 1039 2248 sviluppo,
1068 2215 1119 2239 un
1143 2206 1204 2248 po'
1221 2206 1357 2246 troppo
1380 2201 1560 2241 amardo,
1587 2199 1626 2233 di
1649 2197 2011 2231 un‘abbreviazione
2037 2198 2221 2241 originale
2243 2200 2296 2244 (G
2317 2201 2367 2234 ha
2393 2200 2540 2246 lasivs),
2568 2201 2740 2237 lamec.

849 2319 1077 2366 Convicio
1103 2317 1170 2377 (I,
1205 2329 1263 2374 11,
1291 2314 1343 2361 in
1374 2314 1546 2374 princ.)
1578 2327 1677 2358 non
1701 2312 1797 2358 ben

845 2393 1111 2450 ricordatO,
1145 2392 1235 2437 che
1266 2390 1489 2436 credette
1522 2402 1671 2434 avere
1707 2401 1797 2433 con

846 2472 1021 2528 questo
1049 2467 1128 2512 un’
1153 2464 1387 2524 analogia
1413 2464 1508 2510 ben
1537 2461 1796 2522 maggiore

845 2543 935 2588 che
961 2557 1059 2587 non
1085 2540 1245 2586 abbia.
1539 2538 1542 2542 ’

935 2617 971 2675 ¹)
998 2614 1176 2661 Grazie
1204 2615 1360 2660 anche
1387 2613 1486 2658 alla
1501 2612 1632 2658 falsa
1647 2611 1798 2657 inter-

844 2690 1144 2751 pretazione,
1169 2689 1219 2734 lo
1236 2690 1478 2748 spatulas,
1498 2690 1798 2732 nonostante

843 2767 894 2811 la
924 2764 1169 2822 barbarie,
1203 2763 1344 2808 s’era
1384 2763 1580 2807 salvato
1624 2761 1722 2806 fino
1750 2762 1798 2806 ai

843 2838 1004 2886 nostri
1044 2837 1220 2897 giorni.
1262 2838 1306 2882 Il
1337 2837 1517 2895 Witte,
1559 2835 1799 2896 pentitosi

842 2913 925 2973 poi
957 2915 1025 2974 (J.
1052 2914 1150 2972 L.),
1177 2912 1399 2959 credette
1439 2910 1489 2956 di
1530 2909 1683 2956 dover
1715 2910 1796 2970 qui

844 3001 1141 3047 correggere
1188 2987 1449 3044 scapulas;
1490 2999 1516 3030 e
1563 2986 1798 3043 scapulas

842 3076 1019 3123 posero
1044 3062 1126 3106 nel
1151 3065 1284 3107 testo
1308 3059 1345 3105 il
1369 3053 1528 3105 Fra&
1554 3074 1580 3105 e
1604 3058 1641 3103 il
1667 3058 1796 3105 Giul.

844 3137 1014 3192 Quest'
1029 3135 1205 3182 ultimo
1251 3133 1469 3180 tuttavia
1509 3134 1550 3179 si
1588 3133 1796 3179 ravvide

843 3211 945 3270 egli
971 3225 1091 3270 pure
1115 3211 1179 3271 (p.
1205 3211 1328 3269 443).

931 3285 968 3340 ²)
1003 3284 1046 3330 Il
1070 3283 1198 3331 Giul.
1222 3286 1517 3342 argomento.
1538 3281 1673 3327 dalla
1697 3285 1797 3326 tra-

844 3359 1051 3405 duzione
1073 3359 1163 3406 che
1189 3358 1223 3403 il
1249 3359 1330 3404 Tr.
1353 3356 1502 3403 abbia
1522 3356 1658 3402 forse
1679 3370 1795 3416 pen-

843 3438 954 3479 sato
979 3433 1030 3478 di
1062 3433 1216 3479 dover
1241 3432 1324 3492 qui
1348 3432 1554 3492 leggere
1580 3443 1796 3490 compre-

840 3510 1109 3565 hendimus,
1120 3522 1147 3554 e
1166 3521 1387 3567 approva
1403 3507 1536 3552 cotal
1551 3505 1795 3566 pensiero.

841 3582 1349 3642 L’argomentazione
1391 3581 1417 3626 ὁ
1446 3580 1694 3640 indebita,
1732 3580 1793 3626 ed

842 3658 867 3701 e
893 3672 1043 3703 ancor
1062 3656 1147 3716 piu
1171 3656 1398 3703 indebita
1422 3655 1455 3701 l’
1473 3655 1793 3716 approvazio·

841 3747 917 3788 ne,
942 3747 1042 3777 non
1071 3731 1294 3790 riuscita,
1326 3747 1415 3792 per
1444 3732 1610 3781 buona
1641 3735 1793 3790 sorte,

843 3822 873 3850 a
898 3821 1082 3851 nessun
1105 3805 1276 3852 effetto
1299 3805 1508 3866 pratico.

929 3881 965 3937 ³)
998 3880 1095 3925 Tra
1120 3879 1156 3924 il
1181 3894 1364 3939 sumus,
1392 3880 1482 3927 che
1523 3881 1548 3926 e
1579 3882 1702 3926 sum’
1742 3880 1792 3925 in

841 3954 885 3998 G
911 3954 970 4010 (T
993 3955 1197 4014 sumus),
1224 3969 1250 4000 e
1283 3954 1320 3999 il
1348 3969 1458 4001 sum
1483 3954 1564 4001 del
1596 3954 1736 4000 Corb.
1764 3970 1790 4000 e

841 4026 976 4085 degli
1018 4028 1135 4072 altri
1174 4028 1370 4088 editori,
1421 4029 1504 4074 c’e
1545 4029 1595 4075 di
1626 4043 1790 4074 mezzo

840 4114 907 4145 un
933 4101 1167 4160 semplice
1198 4103 1490 4163 rigagnolo;
1517 4119 1600 4149 ma
1624 4103 1690 4148 ha
1714 4118 1790 4149 ra-

841 4173 987 4232 gione
1027 4174 1065 4219 il
1106 4175 1324 4236 Prompt,
1364 4193 1409 4236 p.
1450 4179 1528 4236 43,
1563 4177 1611 4222 di
1651 4177 1790 4224 voler

1887 2316 2178 2358 mantenuto
2227 2312 2265 2358 il
2311 2313 2519 2373 plurale,
2567 2313 2700 2361 visto
2747 2314 2840 2361 che

1888 2387 2052 2432 Dante
2077 2386 2221 2432 viene
2246 2387 2713 2447 persistentemente
2728 2404 2840 2450 par-

1886 2460 2036 2507 lando
2059 2461 2109 2507 di
2125 2462 2179 2508 se
2202 2461 2253 2508 in
2279 2467 2455 2522 questo
2474 2477 2694 2511 numero.
2712 2465 2840 2511 Ano-

1887 2536 2010 2582 mali
2033 2536 2174 2582 bensi
2201 2537 2314 2597 quei
2335 2536 2578 2597 singolari
2599 2538 2841 2587 oriundae

1889 2613 1935 2658 et
1958 2613 2091 2670 civis,
2108 2625 2207 2657 non
2232 2612 2471 2658 conformi
2495 2612 2596 2659 alla
2619 2611 2839 2660 dotti-ina

1889 2686 1980 2732 che
2006 2685 2248 2733 Giovanni
2270 2686 2334 2733 da
2358 2687 2563 2734 Genova
2578 2691 2840 2749 propugno.

1887 2761 2022 2806 nella
2045 2761 2197 2807 Parte
2223 2762 2277 2807 3²
2305 2762 2384 2807 del
2414 2777 2503 2808 suo
2533 2761 2836 2810 Catholicon:

1894 2837 2033 2882 «Nos
2067 2851 2185 2882 vero
2222 2836 2429 2883 dicimus
2471 2836 2601 2897 quod
2639 2835 2684 2884 si
2728 2836 2838 2899 quis

1887 2911 2121 2970 loquatur
2157 2911 2211 2956 in
2240 2911 2400 2970 prima
2442 2926 2656 2971 persona
2696 2910 2757 2962 de
2783 2927 2836 2959 se

1888 2984 2165 3045 pluraliter,
2191 2985 2356 3032 omnia
2375 2985 2557 3032 debent
2571 2985 2839 3033 sibiinnu-
2898 3014 2902 3024 ι

1887 3075 2022 3106 mero
2054 3060 2376 3121 respondere;
2418 3065 2494 3107 ut:
2535 3062 2641 3108 Nos
2668 3074 2839 3109 sumus

1880 3137 2060 3195 parati
2097 3138 2142 3181 et
2183 3137 2340 3195 prom·
2370 3137 2439 3182 ad
2483 3138 2714 3183 honorem
2760 3150 2837 3183 ve-

1885 3211 2057 3256 strum.
2078 3229 2097 3252 ι
2134 3210 2245 3255 Non
2275 3225 2364 3270 per
2395 3209 2471 3255 cio
2501 3209 2720 3257 tuttavia
2744 3224 2835 3272 son

1887 3283 1950 3330 da
1974 3289 2169 3330 toccare
2194 3299 2385 3344 neppur
2410 3283 2524 3341 essi3
2543 3283 2604 3330 ne
2621 3283 2672 3329 di
2698 3289 2834 3331 certo

1885 3358 2271 3405 tollererebbero
2305 3358 2395 3404 che
2434 3358 2509 3405 cio
2541 3357 2586 3404 si
2621 3358 2832 3406 facesse.

1885 3431 1966 3478 Gli
1991 3433 2017 3477 ὲ
2043 3432 2132 3478 che
2162 3433 2199 3478 il
2231 3432 2508 3478 convertite
2541 3432 2594 3479 se
2623 3432 2835 3480 medesi-

1883 3522 1964 3554 mo
1996 3507 2047 3553 in
2077 3506 2183 3554 *una
2222 3506 2460 3567 plui-alita
2495 3506 2547 3552 di
2580 3498 2830 3564 cittedini,
2870 3531 2872 3533 >

1884 3582 2084 3629 dovette
2132 3581 2382 3628 offendere
2422 3597 2452 3626 a
2495 3580 2568 3627 tal
2603 3594 2761 3640 segne
2793 3578 2832 3625 il

1882 3657 2180 3703 sentimento
2237 3655 2286 3700 di
2333 3656 2520 3714 Dante,
2567 3654 2631 3702 da
2677 3652 2831 3714 fargli

1882 3730 2121 3792 preferire
2161 3746 2260 3776 una
2307 3728 2692 3790 sconcordanza,
2731 3742 2831 3774 non

1882 3804 2124 3851 dissimile
2150 3804 2213 3850 da
2232 3805 2395 3864 quella
2413 3803 2503 3850 che
2521 3799 2829 3850 commatis*
2910 3843 2911 3846 ,
2942 3822 2948 3835 =·

1880 3894 1960 3926 mo
1987 3879 2322 3940 spessissimo,
2357 3894 2382 3924 e
2411 3879 2500 3924 che
2523 3877 2673 3925 tende
2698 3892 2729 3923 a
2760 3874 2830 3922 di-

1880 3957 2057 4000 ventar
2086 3954 2251 4013 legge,
2291 3951 2486 4013 quando
2519 3951 2750 3998 abbiamo
2792 3949 2830 3995 il

1879 4030 1942 4074 lei
1964 4027 2157 4073 riferito
2199 4026 2264 4072 ad
2288 4042 2352 4072 un
2390 4025 2625 4072 maschio.
2657 4022 2828 4071 Gotale

1878 4101 2242 4163 sconcordanza
2273 4101 2298 4146 e
2331 4101 2502 4147 voluta
2542 4097 2829 4146 d’altronde

1878 4178 1929 4222 in
1946 4175 2264 4223 determinati
2291 4175 2409 4233 casi,
2428 4172 2664 4233 analoghi
2680 4172 2729 4218 al
2745 4184 2829 4217 no-
