2996 4640
812 556 915 610 102
1447 569 1450 572 ’
1483 573 1590 611 ma.
1637 555 1849 624 1,,οΑΡ.
1882 533 2019 627 xxx,
2056 558 2103 610 1.

810 727 930 781 nire
964 726 1111 796 quod
1145 726 1439 799 proprium
1473 731 1558 780 est
1598 726 1898 796 Cremone,
1919 753 1923 758 ·
1946 727 2026 781 sio
2068 725 2351 799 quoddam
2398 733 2485 783 est
2514 726 2774 783 invenire

809 821 959 892 qnod
984 822 1277 895 proprium
1305 828 1391 877 est
1411 827 1447 891 ¹)
1481 822 1845 892 Lombardie3
1881 828 1938 877 et
1969 823 2119 878 siout
2147 827 2231 878 est
2261 807 2523 880 invenire
2541 823 2777 896 aliquod

809 915 959 986 quod
993 916 1069 970 sit
1099 916 1395 990 proprium
1426 917 1783 988 Lombardie,
1803 923 1890 972 est
1915 915 2223 988 invenire')
2258 918 2491 992 aliquod
2520 919 2672 992 quod
2699 919 2778 976 sit

809 1010 986 1064 totius
1017 1011 1247 1066 sinistre
1279 1010 1471 1066 Ytalie
1503 1013 1824 1085 proprium3
1861 1018 1918 1068 et
1949 1014 2099 1069 siout
2131 1015 2324 1069 omnia
2357 1013 2462 1071 heo
2495 1019 2583 1070 est
2622 1015 2778 1070 inve-

809 1112 953 1181 nire,
986 1111 1068 1166 sic
1099 1117 1158 1167 et
1196 1111 1337 1166 illud
1379 1112 1529 1184 quod
1567 1113 1747 1167 totius
1796 1113 1990 1168 Ytalie
2038 1119 2137 1168 est.
2170 1114 2249 1168 Et
2287 1114 2438 1169 siout
2476 1113 2621 1170 illud
2662 1128 2780 1170 ore-

943 1278 974 1310 l.
1000 1276 1032 1310 Τ
1046 1276 1340 1319 pr01n·1nm‚(sul
1362 1287 1390 1320 p
1414 1275 1582 1318 caudato.
1609 1277 1677 1311 cho
1701 1279 1945 1321 rapprosonta
1968 1277 2006 1313 ln
2028 1278 2164 1313 sillabn
2176 1289 2262 1323 pro,
2287 1289 2337 1314 un
2361 1279 2505 1323 piooolo
2526 1281 2542 1315 i
2565 1280 2782 1324 cancellato.

806 1339 875 1371 ‘tw
900 1337 1021 1371 indica
1043 1347 1146 1371 come
1169 1337 1202 1370 ni
1225 1339 1343 1371 stesso
1367 1346 1433 1380 por
1456 1338 1619 1372 scrivere
1637 1338 1827 1382 proneam)
1850 1343 1901 1373 eal
1924 1340 2149 1382 lombardie,
2174 1339 2354 1374 currendo
2376 1349 2400 1374 a
2423 1339 2481 1373 0ἱὸ
2502 1339 2572 1374 elie
2594 1339 2683 1374 vien
2706 1338 2782 1383 poi.

812 1398 920 1430 Viaco
943 1396 1069 1430 subita
1093 1397 1117 1430 1·
1136 1406 1278 1437 vri-orn.
1321 1396 1586 1431 rumunnense
1607 1398 1773 1431 cancella
1810 1400 2027 1439 lombardie,
2062 1411 2124 1435 nm
2146 1399 2429 1434 sbaulatamento
2462 1399 2515 1439 gli
2539 1398 2742 1442 soggiunse
2764 1397 2787 1434 ἓ

808 1460 901 1499 (μετ’),
916 1456 1193 1500 raddoppiundo
1216 1467 1282 1499 pei·
1301 1457 1354 1490 tal
1371 1457 1479 1491 modo
1498 1456 1536 1491 la
1552 1457 1698 1500 copula.
1769 1458 1801 1492 2.
1824 1458 1859 1491 G
1874 1458 1905 1492 T
1916 1458 2076 1502 pinu-nu
2097 1460 2148 1502 [in
2168 1458 2355 1493 enti-ambi
2374 1458 2387 1491 i
2406 1458 2526 1492 codici
2539 1457 2785 1503 *propr-ium}

808 1520 882 1551 2-3.
903 1518 934 1550 (ἰ
950 1518 1003 1551 εἰσ
1020 1521 1071 1550 eal
1097 1517 1267 1551 {nuem‘re
1288 1517 1443 1559 aliquod
1462 1517 1560 1560 quod
1579 1517 1614 1550 m·
1627 1518 1851 1559 proprium,-
1872 1518 1973 1561 [ηερ.
1993 1518 2088 1551 sicut
2107 1521 2158 1551 ext
2178 1521 2254 1558 erm:
2281 1517 2400 1560 *quod
2418 1517 2488 1555 mit,-
2507 1514 2706 1551 inserendo
2724 1516 2789 1560 poi

812 1578 882 1609 *nie
915 1576 1065 1611 dinanzi
1100 1576 1229 1611 ull'cae!
1264 1576 1430 1610 invenire
1452 1577 1608 1620 α-ὶίᾳιιοιῖ
1638 1576 1706 1610 cho
1739 1577 1818 1610 tien
1849 1577 1984 1611 (listro.
2013 1576 2044 1609 E
2066 1578 2167 1611 tutto
2202 1576 2230 1609 il
2254 1577 2372 1611 tmtto
2402 1577 2456 1610 εἰσ
2479 1579 2531 1611 eet
2555 1576 2630 1610 inv.
2666 1574 2744 1610 fino
2765 1585 2789 1610 a

809 1643 859 1670 vx!
884 1637 1048 1671 inmerito-e
1069 1637 1090 1669 ὸ
1113 1636 1268 1679 aogmata
1290 1638 1391 1670 sotto
1412 1645 1481 1670 con
1504 1635 1614 1678 pnnti
1637 1645 1658 1668 e
1681 1635 1812 1670 chiuso
1835 1637 1895 1670 tra
1918 1635 2133 1680 parentesiJ.
2160 1636 2207 1670 In
2233 1635 2265 1669 T
2290 1635 2319 1669 il
2342 1635 2519 1677 ripetorsi
2541 1634 2641 1670 delle
2658 1633 2790 1678 parole

811 1696 1016 1729 lmnlmrdo'e
1040 1695 1085 1729 od
1109 1698 1160 1729 eet
1184 1695 1355 1729 ι’-ηηεηιῗνρ
1378 1695 1532 1738 aliquod
1558 1694 1604 1730 hn
1628 1694 1802 1738 prodot-to
1823 1694 1849 1728 l'
1868 1694 2067 1729 omissione
2090 1695 2185 1751 ‹li-et
2215 1694 2336 1740 sic-[nt]
2360 1698 2411 1729 eat
2434 1695 2600 1730 invenire
2634 1694 2790 1738 aliquod

811 1756 909 1798 qum!
933 1755 1009 1798 ω’[Ι]
1027 1755 1226 1797 proprium
1254 1755 1470 1789 lombardie.

811 1814 899 1848 luto.
991 1814 1027 1846 Gr
1054 1814 1182 1848 tociens.

809 1982 932 2028 poco
973 1966 1022 2012 (11
1067 1966 1235 2013 valore
1276 1966 1326 2012 al
1364 1967 1576 2012 latinam
1621 1964 1752 2011 della

811 2042 1019 2101 rubrica,
1046 2042 1151 2101 che,
1178 2046 1567 2102 acoompagnato
1594 2040 1753 2087 oom'e

812 2117 946 2162 dallo
994 2121 1157 2163 stesso
1202 2118 1490 2176 appellatur
1534 2117 1623 2162 ohe
1670 2115 1753 2176 qui

813 2191 1056 2249 abbiamo,
1104 2191 1279 2237 induce
1333 2207 1364 2237 a
1407 2204 1619 2251 pensare
1663 2191 1754 2235 che

813 2269 845 2312 l'
861 2274 1033 2313 autore
1058 2266 1185 2313 delle
1210 2266 1536 2312 intitolazioni
1561 2280 1754 2323 avesse,

813 2356 841 2386 o
868 2341 1097 2386 credesse
1125 2340 1176 2386 di
1222 2356 1385 2398 avere,
1434 2342 1645 2387 latinum
1675 2340 1757 2385 nel

813 2421 944 2461 testo
984 2431 1087 2461 suo.
1120 2415 1161 2460 E
1194 2431 1258 2461 un
1297 2416 1468 2461 valore
1506 2416 1642 2461 assai
1674 2414 1759 2474 piu

814 2490 1002 2548 grande
1033 2491 1100 2536 ha
1131 2490 1167 2535 il
1198 2491 1410 2536 latinum
1439 2492 1648 2549 vulgare
1678 2504 1760 2535 vo-

816 2568 956 2611 catur
994 2565 1086 2610 che
1124 2565 1142 2610 i
1179 2564 1272 2609 due
1312 2563 1471 2610 codici
1511 2565 1556 2610 oi
1597 2563 1758 2610 danno

816 2639 1044 2685 concordi
1070 2639 1154 2699 piu
1192 2642 1340 2684 sotto.
1379 2639 1485 2698 Poi,
1526 2639 1609 2698 qui
1634 2639 1759 2684 dove

816 2715 979 2759 Dante
1017 2714 1164 2759 vuole
1197 2727 1284 2773 per
1307 2718 1483 2772 quest-a
1507 2718 1650 2772 parte
1678 2728 1760 2772 ap-

817 2789 980 2850 parire
998 2794 1265 2849 portavoce
1283 2787 1693 2843 dell'universale,
1712 2788 1761 2832 la

816 2866 977 2910 forma
992 2863 1075 2922 piu
1092 2877 1296 2908 comune
1313 2877 1403 2921 par
1419 2862 1602 2921 meglio
1619 2877 1648 2907 a
1672 2875 1761 2907 suo

819 2942 978 2996 posto.
1001 2937 1043 2982 E
1074 2937 1178 2982 cosi
1215 2937 1283 2981 mi
1322 2937 1509 2983 risolvo
1541 2951 1628 2996 per
1654 2938 1763 2982 lati-

819 3026 952 3069 num,
969 3012 1125 3057 anche
1145 3011 1324 3071 perche
1346 3011 1395 3056 io
1410 3026 1508 3057 non
1523 3011 1638 3070 paia
1653 3024 1765 3056 ave-

819 3101 874 3131 re
894 3086 1033 3146 peril
1049 3087 1223 3131 latium
1238 3085 1366 3132 delle
1385 3085 1656 3146 parzialita,
1667 3085 1764 3130 dal-

820 3162 867 3206 le
890 3161 1023 3220 quali
1048 3175 1170 3207 sono
1188 3159 1406 3208 davvero
1426 3161 1520 3207 ben
1545 3161 1762 3206 lontano.

909 3237 944 3294 ¹)
976 3235 1019 3280 11
1051 3235 1178 3281 Giul.
1210 3236 1341 3282 nelle
1382 3236 1554 3281 ultime
1604 3249 1764 3281 eorre-

820 3309 949 3355 zioni
993 3310 1061 3370 (p.
1100 3310 1208 3369 444>
1246 3309 1487 3356 vorrebbe
1532 3311 1663 3370 quod
1700 3311 1765 3355 sil

816 3387 1100 3443 proprium:
1127 3390 1434 3431 mutamento
1460 3385 1637 3431 affatto
1659 3384 1764 3430 inu·

823 3460 925 3506 tile.
951 3461 993 3506 E
1018 3460 1062 3505 si
1100 3459 1205 3506 noti
1230 3474 1380 3520 come,
1414 3475 1445 3505 a
1468 3459 1582 3519 quel
1619 3459 1764 3505 modo

825 3535 913 3579 che
939 3534 1033 3593 qui,
1060 3547 1086 3578 e
1112 3533 1161 3578 di
1185 3548 1348 3580 nuovo
1379 3532 1464 3594 pi&
1491 3537 1636 3592 sotto,
1666 3532 1714 3578 ci
1739 3531 1766 3576 ὁ

825 3607 941 3652 dato
979 3609 1050 3653 est
1086 3606 1424 3668 nell’apodosi
1466 3621 1603 3652 come
1633 3606 1767 3651 nella

823 3680 1024 3741 protasi,
1049 3681 1358 3740 frammezzo,
1381 3681 1507 3727 dove
1534 3679 1764 3738 abbiamo

824 3757 888 3801 ait
917 3756 1031 3802 nell’
1051 3755 1269 3816 apodosi,
1295 3756 1346 3801 la
1376 3756 1566 3816 protasi
1606 3755 1672 3801 ha
1701 3756 1767 3801 sit

826 3844 975 3874 anoor
1004 3844 1131 3875 essa.

913 3903 951 3961 ²)
981 3903 1287 3949 'Provandosi
1317 3903 1512 3950 dinanzi
1543 3919 1608 3950 un
1633 3908 1766 3950 testo

827 3991 1013 4034 moneo,
1038 3978 1075 4023 il
1104 3978 1184 4024 Tr.
1216 3993 1377 4025 aveva.
1416 3979 1601 4025 dovuto
1637 3978 1767 4038 ripa-

828 4068 940 4098 rare
965 4067 1100 4098 come
1122 4057 1322 4112 poteva3
1348 4068 1374 4098 e
1398 4053 1434 4098 il
1454 4053 1661 4099 rimedio
1682 4067 1768 4099 era

830 4124 1088 4174 consistito
1105 4126 1185 4170 nel
1205 4126 1438 4184 recidere,
1450 4127 1769 4187 traducendo,

1573 1757 1606 1789 4.
1633 1755 1664 1788 '13
1689 1755 1816 1789 tocius.

1909 1757 1940 1788 5.
1969 1756 2074 1798 Dopo
2097 1755 2150 1788 xie
2174 1758 2205 1788 el
2228 1755 2337 1795 illud,
2364 1755 2395 1788 Τ
2419 1755 2472 1788 81⁶⁶
2494 1755 2617 1798 istud,
2643 1754 2790 1790 canoel-

1843 1964 1998 2011 auohe
2032 1965 2141 2024 quel
2169 1965 2443 2011 mozzicone
2477 1964 2527 2010 di
2558 1968 2629 2012 est
2659 1968 2793 2031 inve-

1841 2041 1961 2099 nire,
1995 2040 2267 2100 supplendo
2308 2055 2405 2102 una
2445 2041 2679 2102 semplioe
2712 2055 2793 2088 eo-

1842 2115 1979 2175 pula:
2009 2114 2114 2161 causi
2138 2129 2190 2161 se
2212 2129 2273 2161 ne
2300 2116 2404 2175 pub
2437 2118 2643 2163 trwvare
2669 2130 2789 2176 unm,

1842 2191 1925 2235 che
1957 2191 1979 2235 ε’
2014 2191 2232 2249 proprios
2272 2191 2326 2236 di
2374 2190 2716 2257 Εωπώανάἰᾳ,
2748 2191 2795 2235 εἰ

1841 2278 1910 2309 un
1934 2266 2087 2324 αἰῶ-ω,
2112 2267 2195 2311 che
2221 2266 2242 2311 ὲ
2260 2267 2482 2324 propria)
2507 2266 2561 2311 di
2583 2265 2711 2311 tutta
2736 2266 2789 2311 la

1846 2341 2054 2385 sinistra
2077 2341 2229 2398 parte
2267 2340 2494 2386 d’Italia.
2523 2340 2604 2385 Da
2635 2338 2712 2386 οἰὸ
2741 2339 2794 2386 la

1846 2414 2098 2474 parentesi
2124 2413 2194 2460 ei
2231 2414 2376 2474 punti
2411 2414 2612 2474 segnati
2653 2412 2794 2461 aldi

1849 2493 1981 2534 sotto
2006 2488 2089 2534 dal
2114 2487 2271 2547 Corb„
2297 2489 2387 2535 che
2413 2487 2645 2535 indicano
2669 2488 2794 2535 bene

1850 2563 2006 2608 anche
2031 2563 2082 2608 in
2106 2562 2177 2608 lui
2196 2577 2263 2608 un
2284 2562 2443 2624 primo'
2465 2561 2795 2624 proposito-di

1849 2636 2152 2696 sopprimere
2170 2641 2298 2683 tutte
2310 2637 2471 2697 quelle
2480 2636 2664 2699 parole,
2672 2642 2798 2684 met-

1848 2711 2046 2758 teudosi
2085 2713 2189 2758 cosi
2227 2712 2612 2772 perfettamente
2652 2709 2796 2757 d'ae-

1852 2787 1999 2833 cordo
2025 2787 2152 2833 colla
2177 2787 2420 2834 versione.
2464 2787 2549 2832 Ma
2574 2801 2606 2832 a
2629 2790 2795 2847 tempo

1853 2862 1896 2907 si
1919 2862 2140 2922 ravvide,
2166 2877 2193 2907 e
2218 2862 2411 2908 ritenne
2434 2862 2510 2908 0ἱὸ
2529 2860 2621 2908 ohe
2642 2859 2680 2908 il
2700 2875 2794 2907 suo

1851 2936 2018 2982 codice
2043 2937 2117 2995 gli
2142 2937 2275 2983 dava
2298 2937 2350 2982 in
2375 2935 2472 2996 piu,
2500 2949 2796 2995 eorreggen-

1852 3010 1965 3057 dolo
1997 3027 2027 3057 a
2058 3011 2254 3058 dovere.
2286 3012 2328 3056 Ε
2359 3010 2612 3071 aggiuuta
2631 3009 2797 3072 ragio-

1851 3085 2027 3131 nevole
2066 3086 2094 3130 ὸ
2125 3086 2280 3132 anche
2311 3085 2349 3131 il
2371 3087 2441 3132 sic
2466 3089 2674 3146 passato
2698 3085 2798 3138 nel·

1851 3160 1899 3205 le
1940 3165 2134 3220 stampe
2168 3160 2551 3221 (Lombardiae,
2580 3161 2653 3208 sic
2689 3161 2794 3221 est),

1853 3234 2019 3280 chela
2062 3234 2318 3281 ohiarezza
2348 3250 2375 3280 e
2415 3233 2500 3294 piu
2542 3249 2728 3281 ancora
2758 3227 2797 3280 il

1853 3307 2191 3368 parallelismo
2247 3308 2382 3367 degli
2443 3308 2561 3353 altri
2623 3307 2798 3367 luoghi

1852 3383 2070 3429 rendono
2109 3388 2245 3430 certo
2283 3382 2645 3442 desiderabile,
2677 3397 2706 3429 e
2746 3383 2796 3430 al

1855 3458 1998 3517 quale
2041 3457 2258 3503 tuttavia
2311 3458 2359 3503 io
2408 3456 2645 3516 rinunzio,
2697 3470 2797 3505 non

1855 3532 2117 3593 potendosi
2161 3532 2267 3578 dire
2310 3531 2680 3592 propriamente
2715 3546 2797 3580 ne·

1856 3605 2086 3651 cessario.
2116 3604 2330 3654 Nell'ed.
2369 3604 2498 3651 Giul.
2536 3604 2575 3650 il
2607 3604 2797 3652 ritorno

1857 3679 1985 3726 delle
2010 3684 2172 3725 stesse
2195 3679 2364 3739 parole
2390 3679 2457 3724 ha
2482 3679 2798 3740 qui—'prodotae

1856 3759 1908 3801 to
1933 3752 2289 3800 un’omissione
2314 3753 2478 3801 simile
2505 3768 2539 3800 a‘
2559 3754 2725 3814 quella
2746 3753 2798 3800 di
2829 3763 2835 3767 ’

1856 3829 1909 3874 Τ.
1934 3828 1986 3874 Si
2011 3827 2038 3873 ὸ
2061 3828 2262 3886 saltam,
2290 3828 2407 3888 cioe,
2433 3829 2568 3889 quod
2590 3830 2656 3876 sit
2677 3843 2800 3889 pro-

1850 3904 2026 3962 prium
2059 3904 2430 3964 Lombardi(a)e
2471 3908 2542 3952 est
2580 3907 2829 3952 invenire,

1856 3978 2070 4038 aliquod.
2096 3979 2139 4023 E
2163 3979 2262 4024 alla
2298 3994 2454 4038 grave
2485 3980 2800 4027 inavverten-

1856 4067 1914 4097 za
1938 4067 2037 4097 non
2062 4052 2102 4096 ε’
2119 4051 2146 4097 ὸ
2180 4067 2345 4100 messo
2385 4054 2551 4114 ripato
2581 4066 2800 4115 neppuro

1856 4127 1932 4172 nel
1941 4126 1973 4171 l'
1986 4127 2308 4173 errata-cerri
2313 4143 2390 4188 ge.
