2996 4640
924 576 1030 611 Lm.
1071 558 1127 624 I,
1169 574 1284 611 CAP.
1326 574 1416 627 111,
1462 557 1575 609 1-2.
2162 564 2238 615 11*

256 732 488 801 tionem,
521 735 586 784 ut
618 731 902 802 angelum,
936 730 1178 783 alterum
1213 730 1457 783 alterum
1490 730 1730 784 introire
1763 731 2065 803 contingit,
2100 747 2230 788 cum

254 827 521 899 grossitie
552 834 724 899 atque
758 827 1044 898 opacitate
1077 825 1337 880 mortalis
1375 827 1630 897 corporis
1665 827 1951 883 humanus
1991 831 2230 902 spiritus

256 906 646 996 sit·obtentu8.
748 925 799 977 2.
841 923 1114 995 Oportuit
1145 940 1280 994 ergo
1311 941 1491 992 genus
1530 922 1842 978 humanum
1877 925 1950 979 ad
1980 929 2232 982 comuni-

254 1021 567 1076 n'icandum
599 1022 752 1075 inter
791 1039 849 1075 se
889 1019 1293 1091 conceptiones
1316 1017 1352 1087 ¹)
1387 1037 1517 1072 suas
1558 1020 1792 1090 aliquod
1831 1022 2112 1077 rationale
2154 1027 2226 1079 si-

253 1128 438 1190 gnum
470 1124 528 1172 et
575 1119 837 1172 sensuale
882 1117 1111 1185 habere3
1148 1116 1298 1187 quia,
1351 1134 1482 1168 cum
1534 1115 1603 1170 de
1647 1118 1872 1172 ratione
1897 1117 1932 1188 ⁹)
1974 1122 2229 1194 accipere

254 1215 466 1270 habeat
497 1219 554 1269 et
585 1216 650 1269 in
687 1214 970 1268 rationem
1008 1219 1263 1285 portare,
1293 1212 1574 1265 rationale
1608 1231 1727 1266 esse
1768 1218 2046 1287 oportuit3
2082 1223 2232 1272 cum-

256 1330 368 1383 que
417 1312 487 1366 de
518 1331 635 1366 una
674 1311 901 1366 ratione
938 1311 1002 1365 in
1029 1309 1203 1363 aliam
1242 1307 1422 1363 nichil
1457 1308 1667 1362 deferri
1697 1307 1733 1378 ³)
1766 1314 1949 1383 possit
1979 1314 2093 1369 nisi
2133 1335 2234 1387 per

400 1541 435 1574 2.
461 1539 507 1573 In
528 1540 572 1581 T,
587 1539 720 1573 invece
742 1538 782 1572 di
805 1539 880 1580 aiio,
905 1535 1194 1572 abbreviazione
1212 1535 1421 1578 frequente,
1447 1545 1515 1578 per
1533 1537 1674 1578 quanto
1696 1536 1876 1580 indebita,
1899 1538 1938 1573 di
1961 1540 2130 1583 spiritus,
2154 1552 2235 1584 par-

253 1598 371 1634 rebbo
400 1598 440 1632 (li
462 1608 555 1633 aver
578 1598 764 1640 piat-tosto
787 1597 863 1639 effe,
888 1595 958 1629 che
980 1595 1145 1629 dal-ebbe
1164 1595 1292 1637 specie,
1314 1605 1418 1629 come
1436 1594 1565 1629 aifatu·
1584 1595 1681 1630 16336
1700 1597 1750 1631 V.
1864 1600 1938 1633 3-4.
1965 1599 1999 1633 G
2023 1599 2235 1635 obmuzoan-

254 1659 349 1693 dmm
370 1658 420 1702 (T
450 1657 711 1701 co'icandwm);
731 1667 795 1691 ma
824 1657 862 1690 la
890 1655 1011 1690 forma
1029 1654 1182 1688 insolita
1205 1664 1226 1688 6
1248 1653 1286 1686 la
1308 1654 1407 1687 tinta
1425 1653 1493 1695 piu
1515 1664 1610 1697 cupa
1628 1656 1786 1697 portano
1805 1666 1828 1689 a
1845 1655 2007 1691 ritenere
2029 1668 2103 1691 non
2127 1660 2236 1702 origi-

254 1718 363 1752 nario
391 1717 422 1751 il
452 1727 568 1761 segne
591 1717 678 1751 sull’
696 1727 728 1751 o.

253 1780 348 1823 quia
367 1780 501 1814 effidem
531 1789 585 1822 r-,
607 1777 638 1811 T
659 1779 752 1822 quia
773 1779 932 1812 eundem
949 1786 1001 1811 r-.

255 1949 300 1994 si
328 1948 464 1995 fosse
489 1948 618 1994 fatto
651 1946 733 1992 dal
757 1947 927 1993 Maffei
953 1961 980 1992 6
1013 1945 1094 1991 dai
1120 1959 1204 2005 po-

254 2023 454 2070 steriori
480 2021 683 2084 (peggio
699 2022 749 2067 di
766 2022 884 2067 tutti
912 2021 995 2066 dal
1019 2019 1203 2078 Torri),

254 2096 497 2158 colpevoli
521 2097 572 2142 di
598 2112 718 2143 aver
749 2097 919 2156 legato
956 2109 1052 2154 per
1086 2108 1204 2153 pro-

249 2172 394 2231 prios
417 2174 556 2217 actus
586 2185 676 2216 con
700 2170 927 2231 qaudere,
954 2172 1146 2213 mentre
1170 2167 1204 2212 il

254 2245 395 2292 Oorb.
424 2260 583 2293 aveva
607 2261 700 2304 pur
723 2259 887 2290 messo
909 2244 1206 2288 frammezzo

253 2335 354 2366 una
377 2320 587 2380 vix-gela.
612 2321 754 2366 Dove
781 2324 942 2364 stesse
975 2318 1007 2362 l’
1022 2313 1206 2373 errore,

253 2393 368 2442 vide
394 2394 477 2454 poi
513 2394 552 2439 il
579 2386 750 2451 Frats',
781 2398 921 2438 tanto
963 2391 1026 2436 da
1058 2392 1205 2437 collo-

255 2483 368 2514 care
415 2468 498 2528 qui
544 2467 842 2514 addirittura
887 2482 951 2512 un
990 2470 1144 2525 punto
1178 2481 1204 2511 6

254 2542 463 2602 virgola,
487 2557 577 2603 per
601 2542 763 2588 verita
793 2557 860 2587 un
889 2555 1012 2601 poco
1045 2555 1205 2586 ecces-

256 2616 381 2663 sivo.

345 2690 384 2752 ¹)
414 2691 459 2737 11
492 2692 927 2750 contemplationes
965 2688 1204 2734 introdot-

254 2770 308 2812 to
353 2765 407 2811 in
445 2766 490 2812 G
529 2765 728 2811 sembra
767 2780 797 2810 a
831 2764 993 2824 prima
1029 2763 1206 2822 giunta

256 2839 536 2886 correzione
569 2837 853 2886 verosimile
894 2838 974 2884 del
1005 2839 1206 2884 contem·

249 2917 448 2974 ptiones
478 2928 683 2960 comune
710 2929 740 2959 a
765 2913 874 2971 GT;
900 2928 982 2958 ma
1008 2915 1219 2970 concep?

257 2990 410 3036 tiones
434 2989 462 3034 ὁ
498 2988 934 3034 manifestamente
965 3001 1031 3032 un
1060 3001 1207 3033 voca-

256 3063 369 3110 boio
394 3061 480 3122 piu
509 3062 698 3120 adatto,
732 3061 795 3107 cd
833 3062 860 3107 e
899 3076 1063 3107 messo
1094 3061 1206 3106 fuor

259 3136 311 3182 di
338 3136 520 3183 dubbio
551 3137 667 3182 dall’
683 3137 751 3182 ad
775 3137 1082 3195 pandendas
1106 3137 1206 3195 ylo-

257 3213 421 3258 m‘osas
436 3224 603 3258 eorum
631 3213 965 3269 conceptiones
981 3210 1062 3256 (161
1079 3210 1207 3269 capi-

259 3286 362 3333 tolo
376 3286 716 3344 antecedente,
734 3284 767 3348 §
781 3287 823 3331 2.
844 3285 931 3345 (Of.
947 3285 1102 3332 anche
1120 3285 1206 3330 im-

261 3361 645 3407 mediatamente
668 3361 829 3420 prima
843 3364 1009 3407 nostre
1031 3362 1208 3406 ‘mentis

261 3437 517 3482 enucleare
541 3435 654 3481 aliis
671 3435 987 3494 conceptum).
1013 3436 1205 3490 Quanto

262 3509 312 3555 al
340 3510 478 3556 >fatto
519 3509 736 3569 grafico,
777 3510 803 3555 ὸ
833 3515 1011 3569 troppo
1060 3509 1206 3556 ovvio

263 3594 400 3629 come
439 3585 670 3642 concept-
710 3583 788 3628 sia
825 3588 999 3642 potuto
1031 3597 1207 3641 parere

263 3659 505 3716 contem—⁴,
530 3672 558 3704 e
575 3667 739 3717 come,
762 3671 860 3702 non
884 3657 1208 3716 significando

263 3731 400 3777 nulla
424 3733 667 3790 compta,
685 3731 800 3776 sara
818 3745 967 3790 pai-so
987 3732 1210 3790 ragione-

264 3805 377 3851 vole
404 3804 692 3851 di‘mutarlo
713 3805 765 3850 in
793 3809 1077 3864 contempt-.
1102 3806 1208 3850 Ben

264 3879 372 3924 fece
399 3879 591 3938 dunque
613 3878 651 3924 il
674 3879 829 3932 Corb.,
851 3880 1019 3939 *spinto
1054 3880 1207 3925 anche

267 3953 349 3998 dai
380 3954 460 3998 Tr.
499 3955 535 4013 (i
568 3957 677 4000 suoi
713 3954 961 4014 cwnc'etti),
1002 3970 1031 4000 a
1070 3955 1210 4000 risol-

265 4027 401 4073 versi
417 4041 514 4086 per*
528 4029 872 4088 conceptiones,
894 4028 1020 4088 dopo
1042 4043 1208 4074 essere

267 4105 411 4146 stato-
451 4100 842 4160 pnobabilmente
894 4103 1009 4161 egli*
1046 4107 1208 4149 stesso

268 4179 440 4221 autore
465 4173 549 4220 del‘
567 4177 1010 4234 contemplationes.

844 1718 878 1750 4.
905 1716 937 1749 T
956 1710 1208 1756 σοπιέριὸηεε,
1229 1711 1265 1746 G
1284 1713 1590 1756 contemptiones;
1615 1712 1664 1757 [G
1692 1715 2039 1760 contemplationes}

1094 1776 1127 1810 ¹7.
1155 1775 1233 1809 GT
1254 1775 1394 1818 defferi.

2150 1719 2239 1754 5.G

1382 1946 1420 2006 2)
1450 1947 1523 1992 La
1550 1948 1825 1994 correzione
1849 1948 1917 1992 mi
1947 1962 2038 2007 par
2064 1953 2240 2009 troppo

1295 2021 1473 2079 sicura,
1506 2037 1595 2082 per
1630 2038 1752 2068 aver
1788 2024 1998 2083 bisogno
2032 2024 2081 2069 di
2114 2040 2240 2071 com-

1293 2100 1481 2153 mento3
1511 2112 1648 2143 come
1676 2098 1726 2142 di
1750 2104 2028 2144 commento
2053 2114 2148 2143 non
2175 2099 2242 2144 ha

1293 2170 1503 2230 bisogno
1541 2173 1865 2220 l'esclusione
1906 2175 1995 2220 che
2027 2175 2171 2221 viene
2211 2190 2241 2220 a

1294 2245 1418 2291 farsi
1445 2246 1495 2291 di
1521 2248 1681 2306 quella
1707 2263 1872 2294 messa
1894 2250 1977 2294 nel
2000 2253 2131 2295 testo
2159 2249 2241 2295 dal

1296 2319 1453 2378 Corb.,
1495 2335 1520 2364 6
1560 2327 1849 2369 mantenuta
1899 2324 1980 2384 poi
2021 2339 2240 2383 sempre,

1295 2395 1411 2452 quia
1451 2408 1560 2440 cum
1602 2396 1793 2455 aliquid
1833 2412 1865 2442 a
1909 2400 2103 2444 ratione
2142 2399 2239 2458 (Tr.

1296 2469 1519 2515 devendw
1544 2471 1792 2528 prendere
1816 2486 1918 2517 una
1949 2470 2064 2533 cosa
2098 2474 2164 2518 da
2191 2475 2244 2518 la

1295 2545 1538 2603 rayz'wne),
1567 2545 1655 2590 che
1681 2545 1876 2605 colpiva
1907 2547 1944 2591 il
1974 2547 2239 2606 bersaglio,

1294 2634 1376 2663 ma
1400 2618 1605 2664 lontano
1633 2619 1714 2664 dal
1740 2625 1925 2666 centro.

1386 2692 1422 2750 3)
1454 2692 1532 2737 Ho
1557 2692 1773 2738 titubato
1795 2697 1874 2739 tra
1896 2693 1933 2738 11
1955 2697 2242 2739 mantenere

1296 2766 1497 2824 deferri,
1517 2766 1615 2811 'che
1649 2766 1675 2811 ὸ
1699 2767 1749 2811 la
1781 2767 2060 2813 correzione
2094 2768 2242 2812 intro-

1297 2840 1438 2885 dotta
1468 2840 1550 2885 dal
1582 2841 1734 2900 Corb.,
1770 2855 1796 2886 6
1837 2843 1884 2886 10
1927 2841 2114 2887 scriver
2145 2843 2243 2900 dif-

1294 2914 1434 2972 ferri,
1469 2929 1605 2960 come
1637 2915 1720 2960 s’e
1758 2917 1888 2962 fatto
1920 2916 2076 2961 anche
2107 2916 2159 2961 in
2186 2917 2242 2964 V.

1295 2988 1350 3032 L’
1367 3000 1454 3034 uso
1482 2993 1712 3048 corretto,
1739 2990 1833 3035 ben
1865 2996 1983 3036 noto
2012 2992 2166 3036 anche
2193 2991 2241 3036 ai

1296 3063 1513 3122 glossari
1541 3063 1818 3122 medievali,
1853 3065 1969 3109 vuol
2001 3073 2136 3110 certo
2169 3066 2245 3110 de-

1293 3137 1455 3195 ferri,·
1483 3153 1566 3182 ma
1596 3138 1633 3182 11
1666 3139 1861 3196 differri
1883 3139 2126 3197 parrebbe
2158 3156 2241 3199 po-

1295 3216 1372 3256 ter
1400 3212 1646 3258 chiamare
1672 3212 1723 3257 in
1749 3212 1883 3258 aiuto
1917 3213 2042 3259 delle
2075 3217 2240 3261 ‘analo-

1298 3285 1392 3343 gie,
1413 3301 1549 3331 come
1567 3287 1773 3332 sarebbe
1797 3288 1992 3346 diffinio
2011 3289 2239 3346 prevalso

1297 3361 1683 3407 assolutamente
1709 3377 1767 3406 su
1793 3362 1983 3420 definio.
2010 3362 2050 3406 E
2082 3361 2131 3406 la
2163 3370 2239 3407 ra-

1297 3433 1414 3492 gion
1446 3433 1632 3492 grafica
1664 3434 1706 3479 si
1745 3433 1944 3478 direbbe
1986 3436 2120 3478 stare
2152 3441 2240 3492 per

1297 3522 1426 3564 esso3
1478 3507 1661 3553 dact-‚he
1706 3507 2050 3553 sembrerebbe
2096 3507 2146 3551 in
2186 3507 2238 3551 se

1297 3599 1440 3629 meno
1461 3582 1606 3628 facile
1624 3581 1846 3627 rendersi
1869 3586 2013 3625 conto
2033 3580 2112 3625 del
2128 3581 2239 3626 rad-

1298 3658 1645 3717 doppiamento
1671 3655 1784 3699 dell'
1799 3655 1834 3712 f
1852 3654 1942 3700 che
1976 3654 2105 3700 della
2137 3670 2238 3700 sur-

1297 3731 1562 3790 rogazione
1591 3729 1638 3774 di
1665 3730 1755 3774 de—
1779 3743 1808 3773 a
1834 3730 1926 3774 di-.
1951 3725 2238 3774 Sennonche

1299 3821 1328 3851 a
1382 3808 1557 3864 questo
1610 3802 2048 3861 raddoppiamento
2105 3803 2238 3848 s’ac-

1299 3879 1474 3939 coppia
1502 3879 1551 3923 lo
1582 3877 1965 3936 scempiament'o
1999 3877 2181 3934 dell'r,·
2213 3894 2238 3922 e

1300 3971 1329 3999 a
1353 3969 1430 3998 me
1451 3939 1543 4011 par
1568 3951 1821 4011 probabile
1848 3952 1937 3995 che
1963 3950 1981 3995 i
2007 3951 2098 3996 due
2123 3952 2240 3997 fatti

1300 4029 1343 4073 si
1385 4028 1523 4073 siano
1563 4025 1782 4086 prodotti
1820 4025 2047 4084 insieme,
2076 4026 2238 4071 31661ιρ

1300 4103 1444 4147 l'uno
1477 4100 1552 4146 sia
1594 4114 1729 4145 come
1761 4100 1795 4144 il
1828 4113 2088 4159 compenso
2130 4110 2239 4145 acu-

1301 4175 1427 4222 stico
1455 4175 1569 4219 dell’
1585 4174 1731 4219 altro:
1748 4174 1978 4233 deferr&
2003 4175 2187 4232 defferi.
